2240 3879
117 365 200 397 991.

29 414 113 445 Iun.
145 414 201 446 17.

27 1256 90 1300 ⁸p.
118 1259 198 1293 648.

0 2022 69 2055 arb.
93 2031 125 2054 c.
145 2021 204 2055 55.

30 2715 43 2730 ”
58 2719 122 2751 fol.
148 2718 206 2751 51.

224 210 307 249 162
648 205 904 248 RICHERI
937 205 1356 247 HISTORIARUM
1389 206 1575 248 LIBER
1607 207 1721 248 1111.

220 346 547 413 episcopum,
584 342 866 395 Arnulfum
905 345 1231 412 episcopum,
1280 342 1714 395 Godesmannum
1750 345 2076 414 episcopum,

220 415 512 467 Heriveum
550 414 877 482 episcopum,
927 412 1232 465 Ratbodum
1270 414 1594 482 episcopum,
1634 412 1930 466 walterum
1969 415 2075 483 epi-

223 501 458 552 scopum,
495 483 799 535 Brunonem
837 483 1160 551 episcopum,
1197 480 1449 533 Milonem
1481 483 1808 552 episcopum,
1845 482 2076 537 Adalbe-

220 571 403 605 ronem
442 553 768 622 episcopum,
810 551 1054 604 Odonem
1083 552 1407 621 episcopum,
1435 552 1722 605 VVidonem
1747 553 2075 622 episcopum,

222 622 562 674 Heribertum
619 622 963 690 episcopum,
1026 622 1272 673 constitui
1325 620 1455 670 mihi
1508 621 1709 673 iudices
1764 622 2075 674 delictorum

220 709 460 743 meorum
510 700 560 743 et
601 709 789 759 puram
825 691 953 759 ipsis
993 691 1373 742 confessionem
1419 689 1557 757 dedi,
1607 709 1862 760 quaerens
1910 710 2077 745 reme-

222 761 368 812 dium
417 760 686 830 penitendj
736 767 787 811 et
836 758 1058 811 salutem
1105 761 1311 811 animae
1361 778 1525 826 meae,
1573 769 1633 811 ut
1667 760 1970 812 recederem
2007 760 2074 813 ab

223 830 395 882 officio
443 839 494 882 et
542 830 830 880 ministerio
875 829 1177 898 pontificali,
1227 847 1329 899 quo
1368 848 1451 880 me
1489 847 1810 899 recognosco
1850 848 1963 882 esse
2000 831 2076 882 in-

223 900 459 967 dignum,
500 905 550 950 et
587 897 816 949 alienum
853 916 938 949 me
974 898 1198 950 reddens
1236 917 1333 968 pro
1359 897 1592 951 reatibus
1619 899 1765 966 meis,
1802 900 1858 950 in
1884 900 2076 969 quibus

221 985 472 1038 peccasse
510 976 709 1019 secreto
747 968 914 1036 ipsisa
953 967 1220 1019 confessus
1264 987 1379 1020 smn
1428 976 1478 1021 et
1525 969 1589 1020 de
1629 969 1820 1038 quibus
1863 968 2077 1038 publice

221 1037 504 1106 arguebar3
542 1055 602 1088 eo
642 1036 840 1088 scilicet
876 1037 1052 1104 modO,
1090 1046 1149 1090 ut
1183 1038 1287 1107 ipsi
1326 1039 1429 1090 sint
1463 1046 1621 1090 testes
1649 1047 1699 1091 et
1723 1039 2075 1108 potestatemb

220 1107 447 1159 habeant
491 1106 842 1159 substituendi
879 1116 930 1159 et
968 1106 1312 1160 consecrandi
1359 1107 1520 1159 alium
1556 1109 1612 1159 in
1646 1107 1762 1160 loco
1799 1127 1935 1176 me0,
1986 1109 2081 1178 qui

221 1177 378 1247 digne
427 1195 638 1246 preesse
684 1185 735 1229 et
779 1177 1030 1246 prodesse
1067 1178 1236 1247 possit
1272 1177 1576 1244 aecclesiae,
1627 1179 1711 1229 cui
1747 1186 1964 1231 actenus
2000 1180 2077 1230 in-

220 1247 412 1316 dignus
466 1246 651 1315 prefui.
742 1247 813 1298 Et
851 1255 906 1298 ut
940 1247 1063 1299 inde
1114 1246 1286 1299 *ultra
1328 1246 1525 1298 nullam
1572 1248 1939 1317 repetitionem
1989 1255 2081 1300 aut

218 1315 693 1386 interpellationem
742 1317 1054 1368 auctoritate
1111 1318 1362 1368 canonica
1407 1317 1580 1369 facere
1627 1316 1865 1384 valeam,
1916 1336 2078 1369 manu

219 1404 338 1438 mea
369 1386 585 1455 propria
624 1385 960 1438 subscribens
998 1386 1219 1437 firmavi.
1294 1387 1412 1451 Quo
1450 1388 1525 1437 ita
1561 1386 1809 1456 perlectO,
1846 1389 1920 1439 ita
1957 1387 2077 1439 sub-

222 1457 412 1525 scripsi
427 1466 460 1506 0.
536 1455 654 1523 Ego
702 1454 955 1506 Arnulfus
1006 1456 1273 1525 quondam
1310 1457 1596 1507 Remorum
1646 1457 2079 1526 archiepiscopus

221 1524 517 1593 subscripsi
534 1526 585 1574 θ’.
658 1524 879 1575 Necnon
918 1533 967 1576 et
1016 1525 1282 1578 adstantes
1334 1526 1573 1595 episcopi
1610 1526 1676 1576 ab
1715 1544 1776 1578 eo
1813 1528 1988 1594 rogati
2021 1534 2081 1578 ut

220 1593 635 1660 subscriberent,
693 1593 1118 1663 subscripserunt
1133 1604 1167 1660 ⁶,
1223 1602 1379 1663 atque
1437 1596 1512 1646 sic
1568 1595 1616 1646 ei
1668 1596 2079 1665 responderunt:

222 1663 544 1716 ‘Secundum
590 1663 973 1733 professionem
1024 1672 1076 1716 et
1128 1664 1570 1733 subscriptionem
1617 1671 1765 1716 tuam
1815 1683 1964 1717 cessa
2011 1667 2079 1718 ab

221 1733 427 1785 officio'.
483 1734 611 1785 Post
646 1733 744 1785 hec
784 1734 1098 1785 sacramenti
1134 1734 1248 1786 iure
1285 1733 1381 1785 hos
1421 1735 1511 1803 qui
1549 1736 1631 1785 sui
1665 1734 1875 1787 fuerant
1910 1733 2081 1787 absol-

221 1804 297 1855 vit
330 1810 490 1872 atque
526 1802 822 1855 libertatem
847 1803 1154 1855 transeundi
1180 1804 1234 1855 in
1259 1804 1341 1855 ius
1368 1802 1581 1856 alterius
1606 1805 1777 1857 victus
1803 1805 2080 1859 concessit.

365 1917 446 1969 73.
519 1917 837 1987 Depositiod
874 1916 1165 1987 Adalgerid
1203 1918 1483 1988 presbiteri
1521 1921 1590 1971 ad
1625 1919 1880 1988 gradibus
1900 1921 1940 1972 d.

360 2001 507 2053 Dum
560 2001 660 2053 hec
713 2001 878 2053 multa
933 2001 1353 2055 consideratione
1403 2012 1726 2073 gererentur,
1781 2003 2080 2074 Adalgerus

219 2070 493 2140 presbiter,
531 2088 591 2122 eo
620 2071 762 2140 quod
789 2073 1158 2123 communione
1182 2074 1422 2142 privatus
1450 2083 1601 2141 esset,
1637 2093 1825 2143 regum
1849 2075 2080 2144 pedibus

222 2139 548 2210 provolutus,
588 2140 752 2193 multa
790 2142 1164 2209 conquestione
1203 2142 1536 2211 querebatur,
1589 2145 1947 2196 communioni
1991 2163 2081 2214 pe-

221 2219 335 2262 tens
362 2210 581 2275 restitui,
620 2211 832 2279 parcius
860 2211 961 2262 sibi
986 2210 1313 2263 inferendam
1346 2230 1624 2264 censuram
1648 2221 1809 2280 ratus,
1849 2232 1910 2265 eo
1938 2213 2081 2283 quod

222 2280 394 2331 iussus
425 2280 638 2331 domino
667 2281 1152 2348 obtemperavisset.
1211 2283 1382 2346 Quem
1408 2281 1660 2334 Arnulfus
1685 2282 2081 2336 Aurelianensis

224 2350 504 2418 episcopus
541 2349 782 2400 adorsus:
834 2349 990 2401 ‘Num
1030 2351 1313 2419 quidnam',
1355 2353 1541 2421 inquit,
1581 2351 1770 2405 ‘iuditii
1807 2360 2081 2421 expertem

223 2427 273 2470 te
310 2426 400 2470 tua
447 2418 666 2470 conficta
710 2419 864 2471 hodie
910 2420 1140 2471 facient?
1211 2420 1486 2490 Numquid
1532 2429 1590 2473 tu
1637 2440 1691 2473 es
1741 2422 1832 2492 qui
1878 2421 2079 2475 Karolo

223 2496 400 2557 portas
455 2489 708 2558 aperuisti
757 2498 807 2541 et
857 2489 1115 2541 hostiliter
1164 2501 1319 2541 cume
1365 2490 1487 2543 illoe
1539 2499 1721 2543 sancta
1776 2499 2082 2544 sanctorum

221 2561 487 2627 ingressus
544 2557 634 2609 es‘?
725 2558 998 2629 Numquid
1052 2567 1110 2611 tu
1155 2579 1209 2612 es
1256 2560 1346 2630 qui
1395 2559 1784 2613 adolescentem
1836 2579 1956 2613 cum
2004 2562 2084 2614 tui

224 2627 480 2679 similibus
517 2627 835 2696 perdidisti?
909 2627 1190 2696 Confitere,
1227 2629 1632 2683 infandissime'!
1709 2632 1829 2697 Quo
1867 2649 2082 2700 respon-

223 2696 405 2749 dente:
446 2701 459 2714 *
481 2697 725 2766 ‘Negaref
745 2716 851 2749 non
879 2701 1128 2767 possum’,
1167 2698 1252 2751 ille
1272 2718 1398 2752 mox
1423 2707 1760 2770 prosecutus:
1801 2700 1904 2753 ‘An
1928 2701 2080 2768 ideo',

222 2767 407 2835 inquit,
447 2769 824 2818 ‘communioni
859 2768 1212 2820 restituendus
1250 2788 1320 2835 eS,
1357 2778 1430 2834 ut,
1471 2769 1685 2823 domino
1724 2779 1815 2823 tuo
1853 2770 2081 2839 lugente,

222 2843 294 2902 tn,
349 2835 738 2903 nefandissime,
793 2837 1022 2890 rideas’?
1094 2838 1333 2890 Tandem
1381 2839 1649 2892 decretum
1701 2847 1804 2906 est,
1853 2839 2081 2892 duorum

223 2905 678 2957 incommodorum
724 2906 1070 2959 utrumlibet&
1108 2908 1174 2960 ab
1213 2926 1274 2959 eo
1314 2907 1464 2978 eligi,
1510 2918 1601 2961 aut
1637 2927 1668 2960 a
1703 2909 1957 2977 gradibus
1995 2909 2081 2962 de-

223 2975 366 3043 poni,
404 2982 496 3026 aut
531 2983 784 3045 perpetuo
823 2977 1155 3030 anathemate
1192 2979 1373 3030 teneri.
1437 2980 1542 3044 Qui
1579 2979 1724 3049 apud
1761 2997 1816 3031 se
1853 2978 2082 3048 plurima

222 3051 562 3113 pertractanS,
600 3045 813 3097 tandem
837 3046 1021 3098 maluit
1045 3047 1297 3116 gradibus
1321 3049 1534 3117 privari,
1563 3066 1722 3118 quam
1747 3048 2081 3101 anathemate

224 3122 476 3182 perpetuo
530 3115 711 3166 teneri.
802 3116 874 3168 Et
926 3134 1054 3167 mox
1118 3117 1491 3187 episcoporum
1545 3119 1695 3170 iussu
1757 3117 2080 3169 indumentis

225 3182 636 3236 sacerdotalibus
681 3186 914 3237 vestitur.
1004 3185 1154 3251 Quae
1203 3186 1412 3256 singula
1461 3187 1661 3256 absque
1715 3185 1822 3238 ulla
1866 3188 2082 3239 misera-

224 3253 398 3304 tione¹¹
425 3252 775 3320 detrahenteS,
814 3255 860 3306 ei
899 3255 1090 3325 singuli
1128 3255 1407 3308 dicebant:
1448 3256 1629 3308 ‘Cessa
1661 3254 1728 3308 ab
1756 3256 1930 3309 officio
1956 3258 2078 3309 tuo'.

323 3408 358 3449 a)
387 3411 459 3449 ipsi
485 3419 512 3441 c.
602 3409 640 3450 b)
669 3420 704 3451 p.
735 3412 770 3444 h.
797 3412 865 3445 cles.
896 3422 953 3452 ap.
983 3413 1096 3451 (ἵεν-ΖΜ
1126 3414 1186 3445 ubi
1212 3415 1329 3445 minus
1357 3419 1443 3446 recte
1470 3418 1508 3446 ut
1534 3415 1672 3446 videtur
1699 3414 1827 3446 editum
1854 3417 1923 3447 est:
1964 3416 2080 3446 testes

226 3457 292 3489 alii
321 3459 547 3491 succedendi
576 3463 612 3491 et
640 3469 671 3492 c.
701 3461 751 3492 in.
873 3460 905 3502 c)
936 3471 983 3495 ss.
1010 3472 1037 3493 c.
1165 3461 1201 3503 d)
1231 3464 1329 3505 Dep,
1356 3463 1465 3503 Adal,
1493 3471 1515 3494 a
1544 3472 1588 3502 gr
1613 3463 1705 3495 absc.
1829 3461 1863 3505 e)
1886 3466 1970 3503 post
1997 3463 2079 3494 add.

224 3504 252 3544 s)
282 3507 462 3545 sequentia
490 3509 526 3539 in
550 3517 668 3547 parva
695 3510 869 3543 schedula.
971 3510 1008 3552 g)
1038 3512 1198 3544 alterum
1228 3514 1261 3544 1.
1364 3511 1403 3552 h)
1457 3512 1716 3544 misericordia
1745 3513 1777 3545 1.
