2240 3879
473 223 722 265 RICHERI
754 224 1163 266 HISTORIARUM
1197 223 1379 263 LIBER
1411 224 1520 264 1111.
1828 223 1910 261 137

74 363 358 428 habituros,
396 381 461 413 an
489 381 608 413 cum
635 361 985 414 benivolentia
1010 362 1337 428 susciperent
1362 358 1669 428 supplicem,
1710 362 1752 411 si
1778 360 1908 412 forte
1926 383 2007 416 987.

74 435 117 484 13
154 452 208 484 30
246 431 531 501 supplicem
573 431 828 483 conferret
865 440 916 482 et
952 429 1088 480 dono
1123 447 1306 496 regum
1346 446 1399 479 se
1437 447 1590 497 posse
1628 438 1801 481 tenere
1829 448 1910 481 res

115 519 323 553 ervasas
374 508 695 570 exposceret.
767 500 839 550 At
877 500 964 567 qui
1001 499 1218 548 acrioris
1258 498 1419 547 animi
1458 505 1507 548 et
1545 500 1908 550 constantioris

75 522 233 636 Riere,
273 572 570 635 censebant,
596 570 706 621 fore
735 568 994 620 obsidioni
1020 566 1426 618 incombendum
1443 575 1490 632 ὃς
1528 565 1702 618 hostes
1730 585 1911 636 urgen-

76 641 195 705 dos,
233 640 500 708 regionem
540 640 693 690 etiam
735 656 889 706 quam
929 644 1280 704 pervaserant,
1326 636 1446 703 igne
1484 637 1691 704 penitus
1731 654 1911 687 consu-

74 709 334 760 mendam.
409 707 653 760 Collectis
690 709 868 776 itaque
906 706 1040 758 6000
1078 706 1331 774 equitum,
1369 707 1422 755 in
1460 705 1661 756 hostem
1699 705 1911 756 vadunt.

74 779 333 847 Tempore
380 786 570 829 statuto
616 776 798 827 urbem
848 782 1117 844 appetunt.
1223 774 1564 826 Obsidionem
1614 775 1911 842 disponunt.

75 847 379 916 Castrisque
417 847 532 898 loca
567 846 761 910 metati,
800 844 953 895 fossis
988 855 1037 895 ct
1063 845 1342 912 aggeribus
1368 843 1578 896 vallant.
1635 847 1766 911 (19.)
1805 844 1912 896 Ubi

74 935 193 968 011111
231 916 412 967 diebus
451 915 626 966 multis
663 914 964 978 resederint,
1003 913 1132 964 nihil
1166 914 1372 978 virium,
1409 912 1537 963 nihil
1564 913 1912 964 damnationis

75 987 127 1037 in
178 987 353 1037 hostes
409 1004 622 1036 exerere
678 982 981 1047 valuerunt3
1040 991 1184 1033 tanta
1230 984 1512 1034 eminentia
1527 984 1547 1015 ¹³
1599 992 1647 1034 et
1690 982 1912 1034 laterum

75 1055 367 1108 obiectione
422 1054 547 1105 urbs
603 1052 1030 1121 inexpugnabilis
1087 1061 1214 1103 erat.
1315 1052 1445 1102 Dies
1502 1053 1658 1103 etiam
1714 1066 1911 1104 autum-

72 1124 244 1176 nales¹
295 1123 532 1176 breviore
583 1122 774 1173 circulo
826 1122 971 1172 ducti
1007 1121 1085 1172 his
1123 1121 1385 1172 exercitiis
1423 1139 1529 1171 non
1568 1120 1912 1172 sufficiebant.

71 1193 264 1245 Noctes
303 1211 511 1262 quoque
545 1191 782 1260 prolixae
818 1190 980 1243 multo
1020 1192 1099 1241 sui
1126 1200 1362 1259 tempore
1387 1189 1571 1258 vigiles
1598 1190 1912 1242 afficiebant.

73 1263 226 1315 Unde
255 1281 374 1314 cum
400 1262 710 1330 primatibus
739 1260 953 1311 consilio
980 1259 1176 1325 habito,
1212 1260 1448 1323 redeunt,
1486 1268 1635 1328 postC
1674 1259 1872 1310 vernali
1890 1260 1911 1291 ‘¹

71 1340 307 1401 tempore
344 1332 576 1383 redituri.
651 1330 857 1395 Quibus
895 1329 1152 1395 abductis,
1202 1329 1430 1380 Karolus
1474 1329 1658 1381 urbem
1698 1330 1914 1379 circum-

74 1420 277 1471 quaque
344 1399 687 1470 perambulat.
806 1400 989 1452 Sicubi
1053 1401 1208 1450 etiam
1260 1399 1496 1450 hostibus
1551 1397 1715 1449 facilis
1769 1398 1914 1450 locus

72 1479 231 1539 patet,
285 1469 536 1539 explorat.
623 1469 863 1522 Obstruit
906 1470 1084 1538 itaque
1131 1476 1327 1537 portas,
1381 1468 1606 1520 hostium
1656 1469 1915 1536 ingressui

72 1539 266 1591 faciles.
359 1540 586 1592 Obturat
637 1540 840 1608 postica
893 1549 1014 1607 post
1075 1537 1255 1588 domos
1316 1537 1544 1589 latentia.
1635 1538 1914 1589 Restaurat

73 1628 249 1660 muros
297 1616 555 1660 vetustate
600 1608 790 1677 lapsos.
864 1609 1075 1658 Turrim
1115 1625 1321 1676 quoque
1359 1605 1651 1675 potioribus
1696 1607 1914 1658 edificiis

72 1679 208 1730 intra
247 1687 297 1731 et
334 1685 482 1729 extra
519 1676 699 1729 dilatat
736 1696 797 1728 ac
834 1677 1019 1728 firmat.

623 1778 704 1829 20.
775 1777 1080 1845 Profugium
1120 1777 1369 1845 episcopi.

209 1863 271 1913 In
310 1879 467 1931 quam
505 1863 784 1931 episcopus
821 1861 1077 1927 detrusus,
1118 1879 1237 1911 011111
1274 1861 1328 1910 111
1366 1859 1601 1911 conclavi
1639 1868 1913 1926 teneretur,

70 1931 282 1984 funibus
318 1950 411 1999 per
447 1931 724 1982 fenestram
766 1930 1035 1995 demissus,
1074 1938 1308 1999 tempore
1345 1938 1599 1980 nocturno
1639 1947 1772 1998 equo
1798 1947 1915 1980 vec-

71 2010 154 2053 tus
191 2001 407 2069 aufugit..
469 2000 539 2050 Et
575 2008 633 2051 ut
658 2019 711 2051 se
736 1999 933 2051 Karolo
961 2018 1066 2050 non
1089 1999 1282 2050 favisse
1308 2006 1633 2063 monstraret,
1672 1998 1739 2049 ad
1764 2017 1914 2067 reges

74 2089 185 2122 sese
234 2069 449 2121 contulit
498 2078 548 2121 et
598 2088 628 2120 a
674 2078 820 2121 tanta
864 2070 1150 2138 suspitione
1199 2070 1461 2137 purgavit.
1545 2067 1915 2119 Arbitrabatur

72 2141 227 2205 enim,
268 2139 521 2208 quasdam
559 2139 884 2190 coniecturas
922 2157 1077 2208 posse
1114 2157 1144 2188 a
1181 2136 1644 2188 calumniatoribus
1672 2136 1912 2206 confingi,

72 2209 181 2260 acsi
216 2210 330 2277 ipse
369 2209 609 2276 capiendi
648 2209 1050 2277 oportunitatem
1099 2216 1349 2276 parasset.
1424 2208 1528 2271 Qui
1574 2215 1846 2275 susceptus
1884 2224 1914 2256 a

72 2297 209 2348 rege,
229 2285 409 2346 utpote
434 2277 700 2329 fidelitatis
726 2286 1016 2337 exsecutor,
1037 2295 1144 2328 non
1168 2278 1367 2328 minore
1394 2277 1561 2344 gratia
1585 2275 1794 2328 habitus
1822 2284 1912 2327 est.

211 2348 294 2398 21.
364 2347 569 2398 Interea
613 2348 784 2415 rigore
833 2346 1044 2398 hiemali
1111 2345 1315 2415 elapso,
1367 2364 1487 2396 cum
1546 2363 1665 2396 aere
1718 2346 1912 2396 mitiori
1931 2354 2015 2398 983.

71 2435 163 2468 ver
198 2417 352 2467 rebus
389 2416 640 2468 arrideret
677 2424 727 2468 et
761 2424 911 2484 prata
947 2425 1104 2484 atque
1142 2433 1357 2483 campos
1382 2415 1635 2466 virescere
1667 2413 1860 2466 faceret
1878 2423 1912 2479 2,

172 2572 207 2615 a)
236 2573 403 2605 incumb.
431 2583 523 2605 corr.
552 2573 714 2605 incomb.
817 2572 853 2612 b)
885 2583 918 2605 e.
947 2573 1004 2604 sui
1034 2575 1063 2606 1.
1167 2571 1200 2612 0)
1224 2576 1304 2611 post
1332 2573 1412 2603 add.
1517 2570 1553 2611 d)
1582 2576 1605 2604 t.
1632 2581 1666 2603 V.
1699 2574 1729 2602 1.

199 2681 242 2735 1)
278 2683 488 2723 Gerberto
523 2687 648 2732 teste,
682 2683 808 2735 epist.
846 2682 943 2729 143,
979 2681 1138 2722 Olleris
1171 2696 1213 2735 p.
1241 2682 1309 2732 79,
1345 2686 1445 2721 ante
1481 2682 1634 2721 festum
1654 2695 1687 2721 s.
1708 2683 1911 2734 Dionysii

77 2742 255 2797 (octob.
285 2743 345 2795 9.)
379 2745 592 2783 incertum
629 2749 743 2782 erat:
778 2742 816 2782 si
848 2741 1010 2782 obsidio
1030 2743 1199 2794 futura
1232 2748 1293 2782 est
1319 2742 1384 2782 vel
1404 2755 1489 2781 non
1508 2746 1593 2789 es&
1625 2742 1759 2792 idem,
1785 2744 1910 2795 epist.

78 2804 177 2854 145,
209 2818 250 2857 p.
286 2804 357 2853 80,
391 2805 567 2844 scribit:
600 2802 764 2843 obsidio
796 2800 1109 2843 Lauduneusis
1127 2801 1260 2853 urbis,
1284 2808 1520 2855 praetenta
1545 2815 1658 2854 pace
1690 2810 1911 2856 sequestra

75 2863 334 2913 intermissa,
369 2870 430 2904 est
467 2865 534 2903 13.
570 2863 671 2904 Kal.
708 2862 936 2904 Novemhr.
977 2863 1225 2915 repetenda.
1292 2864 1414 2913 Quae
1448 2863 1532 2902 huc
1566 2865 1784 2916 pertinere
1821 2877 1912 2904 cre-

79 2924 282 2964 diderim.
346 2924 410 2964 Cf.
447 2926 573 2978 epist.
611 2924 711 2974 128,
745 2938 784 2977 p.
813 2924 890 2962 70:
925 2922 1092 2964 obsides
1126 2938 1152 2962 a
1185 2923 1393 2974 K(ar020)
1430 2921 1623 2975 accipere
1657 2930 1694 2964 ec
1727 2924 1910 2965 obsidio-

76 2997 172 3025 nem
202 2985 364 3026 solvere
398 3015 408 3026 .
442 3015 452 3026 .
488 3015 497 3025 .
528 2984 767 3033 voluimus,
810 2983 887 3023 ubi
918 2989 1072 3037 postea
1104 2985 1157 3024 de
1192 2989 1408 3024 conventu
1451 2984 1521 3023 20.
1554 2984 1668 3036 Aug.
1705 2985 1912 3026 Satanaci

42 3079 46 3083 .
77 3043 280 3085 habendo
314 3058 454 3086 sermo
490 3050 568 3085 est.
631 3046 757 3085 Haec
793 3046 922 3084 etiam
967 3046 1012 3083 in
1045 3045 1159 3084 hunc
1192 3058 1353 3084 annum
1388 3044 1567 3093 cadere,
1604 3058 1654 3085 eo
1690 3045 1911 3096 docemur,

80 3104 195 3157 quod
237 3105 530 3146 Adalberonis
574 3105 766 3158 episcopi
811 3109 1032 3157 tamquam
1088 3107 1205 3158 capti
1247 3106 1408 3145 mentio
1459 3104 1521 3144 fit.
1564 3106 1736 3145 Mourin
1779 3107 1912 3158 igitur

79 3177 121 3218 p.
154 3165 256 3206 366.
300 3171 420 3207 recte
463 3171 530 3206 ter
573 3165 779 3206 Lauduni
829 3165 1102 3205 obsidionem
1150 3167 1371 3218 inceptam
1428 3178 1523 3206 esse
1569 3171 1758 3206 statuere
1803 3166 1910 3205 mihi

77 3223 276 3276 videtur3
322 3227 400 3266 sed
441 3230 610 3267 aestate
661 3232 703 3267 et
746 3229 952 3265 autumno
995 3239 1034 3265 a.
1080 3225 1191 3276 987,
1236 3239 1339 3265 vere
1383 3226 1454 3265 vel
1487 3227 1632 3279 potius
1666 3231 1833 3266 aestate
1867 3239 1908 3266 a.

83 3282 181 3334 988,
213 3299 298 3326 non
332 3286 417 3326 988
453 3291 497 3327 et
529 3285 643 3337 989,
680 3291 729 3326 ut
770 3285 845 3325 ille
876 3285 981 3325 vult.
1138 3284 1182 3338 2)
1217 3286 1459 3338 Sequentia
1492 3287 1622 3326 etiam
1656 3287 1700 3325 in
1734 3299 1772 3326 a.
1807 3286 1908 3326 987.

84 3344 342 3385 collocanda
376 3361 485 3395 esse,
518 3346 733 3387 Wilmans
767 3361 809 3400 p.
846 3347 928 3385 179
963 3359 1060 3398 sqq.
1092 3348 1243 3386 statuit
1277 3351 1320 3386 et
1352 3345 1406 3386 de
1439 3346 1635 3387 secunda
1666 3347 1749 3385 hac
1794 3346 1908 3387 obsi-

84 3402 211 3444 dione
245 3406 482 3458 dubitavit3
525 3406 603 3448 sed
638 3408 693 3448 cf.
736 3406 895 3448 Olleris
927 3420 970 3459 p.
1000 3405 1107 3456 531,
1157 3407 1231 3460 qui
1270 3412 1416 3446 tamen
1459 3407 1572 3446 haec
1615 3408 1755 3446 minus
1789 3411 1907 3447 recte

82 3477 123 3504 a.
155 3465 255 3506 989.
288 3472 414 3518 gesta
444 3472 590 3521 putat;
622 3468 668 3508 id
702 3467 818 3520 quod
852 3480 948 3507 oum
974 3467 1028 3506 iis
1053 3471 1221 3519 pugnat
1252 3479 1364 3520 quae
1396 3468 1490 3520 ipse
1535 3466 1588 3507 de
1622 3467 1742 3507 obitu
1774 3466 1908 3507 Adal-

79 3523 253 3566 beronis
286 3528 606 3582 archiepiscopi
638 3527 697 3582 (c.
733 3525 810 3581 24)
841 3528 1079 3582 proposuit.
