2240 3879
213 423 294 456 972.

114 1187 126 1201 ⁸
141 1198 177 1230 p.
208 1189 289 1223 615.

316 269 369 307 96
710 263 961 304 RICHERI
994 263 1413 305 HISTORIARUM
1447 263 1630 304 LIBER
1663 264 1749 305 III.

312 406 503 458 futura.
549 403 724 469 Quam
746 403 902 454 etiam
914 410 1118 454 vestrae
1140 400 1382 470 dignitati
1402 400 1740 453 indicandam
1759 403 1984 456 arbitror
2003 410 2161 472 atque

309 473 675 528 roborandam.
749 472 887 524 Ante
933 480 1134 541 septem
1181 471 1439 522 mensium
1495 470 1622 538 dies,
1665 480 1723 523 ut
1758 473 1911 524 vobis
1951 489 2160 541 quoque

310 545 641 597 notissimum
681 550 783 608 est,
831 543 887 592 in
922 541 1131 593 Italiam
1187 540 1420 592 concessi
1466 541 1796 612 Romamque
1835 542 2051 607 deveni,
2097 559 2161 593 ac

311 615 489 666 domni
527 621 578 665 et
613 610 891 683 apostolici
927 612 1027 663 viri
1054 611 1302 663 Iohannis
1341 608 1599 680 colloquio
1639 610 1897 681 simulque
1936 620 1987 664 et
2015 611 2161 663 beni-

309 682 540 736 volentia
582 681 988 733 familiarissime
1026 699 1167 746 usus,
1215 681 1281 733 ab
1322 698 1383 732 eo
1422 689 1617 750 petere,
1657 681 1701 731 si
1740 682 1866 750 quid
1904 688 2159 751 optarem,

310 755 538 806 monitus
576 771 705 804 sum.
764 752 1035 820 Ratusque
1072 751 1374 820 petendum,
1413 758 1471 801 ut
1507 758 1624 801 resa
1662 749 1842 801 domni
1867 768 1930 801 ac
1953 750 2163 819 patroni

309 824 473 876 nostri
508 822 739 890 Remigii
787 838 912 872 suae
950 821 1276 873 auctoritatis
1322 818 1599 889 privilegio
1650 828 1833 872 contra
1870 819 2160 889 quoslibetb

308 896 542 946 tirannos
589 890 843 943 stabiliret
905 899 957 942 et
1005 889 1272 941 abbatiam
1323 891 1489 941 sancti
1547 890 1810 942 Timothei
1859 889 2085 941 martiris
2132 908 2164 941 a

309 982 392 1015 me
431 963 606 1014 datam
643 960 745 1011 illis
782 961 966 1025 inuret,
1005 959 1060 1010 id
1096 959 1297 1030 absque
1323 959 1673 1028 refragatione
1701 958 1920 1011 obtinui.
1985 959 2163 1029 Scrip-

310 1034 376 1086 sit
413 1051 536 1102 ergo
574 1049 637 1083 ac
673 1048 851 1082 coram
889 1030 1151 1099 episcopis
1187 1048 1407 1081 numero
1451 1032 1514 1080 12
1551 1030 1760 1081 recitari
1797 1030 1951 1081 iussit
1982 1029 2161 1099 eisquc

308 1101 666 1155 roborandum
715 1101 967 1169 porrexit.
1052 1100 1210 1165 Quod
1262 1108 1311 1152 et
1362 1099 1540 1151 domni
1595 1117 1767 1169 papae
1824 1097 1983 1168 sigilli
2035 1107 2164 1151 nota

307 1173 629 1243 insignitum,
666 1169 818 1222 vobis
855 1187 1063 1239 quoque
1101 1169 1459 1222 roborandum
1488 1168 1682 1235 *attuli‚
1721 1176 1779 1220 ut
1814 1168 2164 1239 plurimorum

307 1245 618 1295 auctoritate
656 1240 958 1305 subnixum,
995 1238 1257 1291 nullorum
1295 1239 1683 1291 machinatione
1722 1238 2037 1309 quandoque
2074 1255 2163 1289 va—

307 1313 410 1366 leat
448 1311 679 1364 dissolvi.
740 1309 895 1361 Unde
935 1318 985 1361 et
1022 1327 1053 1359 a
1078 1308 1228 1361 vobis
1254 1309 1396 1361 idem
1423 1310 1691 1362 roboraric
1716 1308 1868 1360 volo'.
1932 1307 2164 1361 Sinodus

309 1384 467 1434 dixit:
521 1382 860 1433 ‘Roboretur’.
911 1379 1181 1431 Prolatum
1218 1380 1380 1448 igitur
1416 1397 1447 1429 a
1484 1377 1901 1448 metropolitanO,
1951 1379 2007 1429 in
2044 1396 2164 1429 con-

309 1451 426 1504 cilio
478 1452 751 1503 recitatum
800 1458 878 1500 est
927 1450 1106 1518 eisque
1156 1458 1459 1518 porrectum
1507 1456 1558 1500 et
1605 1448 1671 1500 ab
1723 1466 1906 1500 eorum
1944 1446 2164 1517 singulis

309 1541 469 1574 manu
516 1521 764 1590 imposita
817 1518 1175 1570 roboratuml.
1261 1518 1420 1584 Quod
1468 1519 1625 1569 etiam
1676 1536 1706 1568 a
1750 1517 2026 1569 monachis
2074 1516 2166 1587 qui

306 1592 382 1643 ibi
419 1591 638 1642 aderant
675 1595 972 1657 exceptum,
1012 1588 1226 1639 archivo
1264 1588 1568 1640 monasterii
1604 1586 1827 1639 relatum
1865 1595 1960 1638 est.

309 1692 390 1744 31.
446 1688 810 1760 Conquestiod
855 1686 1279 1756 metropolitanid
1317 1687 1381 1739 de
1420 1686 1832 1739 monachorumd
1879 1687 2167 1756 religioned

839 1758 1165 1827 (rituumque
1177 1759 1199 1791 d
1238 1758 1561 1809 correctione
1575 1758 1636 1825 d).

446 1845 590 1897 Inter
627 1844 723 1896 hec
762 1862 863 1913 quo
906 1861 971 1894 ue
1011 1850 1062 1895 et
1097 1841 1199 1894 alia
1236 1841 1384 1893 utilia
1421 1861 1555 1911 quae
1593 1842 1669 1895 ibi
1717 1842 2000 1894 constituta
2048 1850 2168 1895 sunt

311 1916 374 1967 de
412 1914 795 1966 monachorum
834 1932 888 1965 re
911 1913 1088 1982 igione
1127 1930 1158 1962 a
1195 1912 1596 1981 metropolitano
1635 1921 1812 1964 motue
1850 1912 2164 1982 gravissimo

312 1985 615 2054 conquestio
666 1983 848 2035 habita
885 1991 984 2049 est,
1035 2001 1095 2035 eo
1144 1983 1287 2052 quod
1323 1983 1454 2034 ritus
1492 2000 1523 2033 a
1560 1982 1846 2035 maioribus
1898 1982 2167 2034 constituti

310 2073 341 2106 a
378 2054 695 2124 quibusdam
735 2053 1006 2122 depravati
1045 2060 1095 2104 et
1132 2053 1398 2104 immutati
1422 2052 1743 2105 viderentur.
1806 2051 1963 2103 Unde
1990 2060 2042 2104 et
2067 2051 2164 2104 sub

311 2125 681 2194 episcoporum
718 2123 984 2193 presentia
1019 2121 1085 2173 ab
1115 2122 1300 2173 eodem
1328 2122 1597 2174 decretum
1623 2131 1717 2187 est,
1754 2130 1813 2173 ut
1838 2121 2166 2174 diversorum

310 2193 546 2246 locorum
606 2192 825 2245 abbates
884 2192 1223 2243 convenirent
1270 2201 1319 2243 et
1368 2192 1490 2243 inde
1541 2190 1765 2244 utiliterf
1818 2192 2164 2244 consulerent.

313 2264 589 2333 Huiusque
626 2262 899 2315 habendae
945 2262 1159 2313 rationis
1199 2270 1406 2331 tempus
1446 2270 1497 2314 et
1532 2260 1678 2313 locus
1716 2278 1844 2312 mox
1883 2262 2167 2315 constituta

313 2343 447 2401 sunt,
486 2344 537 2386 et
575 2335 647 2385 sic
688 2333 902 2385 sinodus
942 2330 1113 2383 soluta
1150 2339 1241 2384 est.

463 2433 546 2485 32.
621 2433 777 2499 Quod
813 2431 978 2485 abbas
1016 2430 1276 2482 Rodulfus
1314 2429 1567 2483 abbatum
1605 2432 1802 2500 primas
1840 2430 2012 2483 fuerit.

451 2519 657 2570 Interea
693 2526 902 2587 tempus
941 2517 1168 2568 advenit.
1232 2515 1466 2568 Abbates
1513 2533 1722 2586 quoque
1761 2534 1829 2568 ex
1866 2513 2073 2568 diverso
2111 2517 2167 2566 in

312 2607 474 2640 unum
512 2587 716 2640 collecti
752 2596 887 2639 sunt.
952 2587 1192 2652 Quorum
1229 2587 1514 2656 precipuus
1553 2594 1603 2637 et
1627 2587 1824 2654 primas
1852 2586 2166 2638 constitutus

315 2668 391 2711 est
427 2660 510 2710 vir
546 2658 698 2710 divae
736 2658 1020 2709 memoriae
1046 2654 1317 2722 Rodulfus7
1358 2675 1426 2707 ex
1460 2656 1716 2708 coenobio
1743 2655 1911 2707 sancti
1935 2655 2166 2724 Remigii

316 2730 495 2781 abbas,
560 2728 679 2793 Quo
718 2727 1017 2797 presidente
1056 2734 1106 2778 et
1142 2724 1439 2795 prelaturae
1479 2726 1790 2795 dignitatem
1815 2733 2040 2792 tenente,
2077 2724 2166 2777 alii

318 2800 516 2850 circum
565 2798 809 2867 dispositi
854 2806 991 2849 sunt.
1065 2794 1543 2864 Metropolitanus&
1580 2814 1706 2847 vero
1746 2814 1814 2846 ex
1849 2795 2074 2846 adverso
2111 2795 2166 2846 in

317 2868 597 2920 cliotedro3
637 2867 844 2919 resedit.
908 2867 1014 2932 Qui
1051 2867 1292 2935 primatis
1330 2864 1658 2935 aliorumque
1685 2866 1930 2935 patrumh
1956 2864 2166 2917 hortatu

318 2938 672 3003 concionatus,
710 2937 784 2988 sic
823 2935 1126 3006 prelocutus
1165 2943 1266 2988 est:

422 3036 504 3088 33.
577 3034 931 3088 Praelocutioi
969 3035 1383 3106 metropolitanii
1421 3036 1476 3085 in
1515 3033 1724 3086 sinodoi
1762 3033 2056 3088 abbatumi.

457 3121 728 3190 ‘Magnum
767 3131 857 3188 est,
904 3130 1078 3191 patres
1116 3121 1448 3185 sanctissimi,
1498 3119 1665 3171 bonos
1704 3137 1940 3188 quosque
1978 3135 2166 3170 conve-

318 3191 444 3257 nire,
496 3191 538 3241 si
583 3191 810 3243 fructum
858 3193 1063 3243 virtutis
1110 3209 1360 3261 quaerere
1411 3188 1694 3242 elaborent.
1768 3188 1899 3241 Inde
1938 3188 2078 3241 enim
2116 3195 2167 3240 et

418 3348 456 3384 a)
485 3351 613 3374 omnes
642 3351 700 3373 res
728 3343 886 3375 mobiles
923 3343 1099 3375 videlicet
1128 3346 1239 3382 atque
1267 3341 1471 3373 inmobiles
1503 3342 1535 3372 1.
1647 3337 1685 3380 b)
1713 3342 1738 3372 t.
1768 3349 1804 3379 q.
1836 3342 1867 3372 1.
1970 3339 2003 3380 c)
2040 3337 2168 3370 robori

321 3401 411 3422 corr.
442 3392 612 3423 roborari
639 3401 666 3424 c.
779 3391 815 3430 d)
855 3392 962 3433 estio,
991 3392 1095 3432 olita,
1125 3400 1210 3432 ona,
1239 3391 1342 3432 eligi,
1366 3392 1432 3430 itu,
1461 3390 1586 3420 ctione
1613 3389 1728 3427 absc.;
1756 3397 1895 3428 umque
1924 3396 2030 3420 corre
2057 3388 2167 3418 deleta

319 3441 493 3475 videntur.
618 3439 652 3480 e)
678 3444 758 3479 post
785 3440 867 3474 add.
990 3439 1019 3480 s)
1050 3441 1215 3473 fideliter
1244 3442 1274 3471 1.
1391 3437 1428 3478 g)
1458 3446 1528 3470 nus
1552 3441 1634 3477 post
1659 3437 1741 3469 add.
1855 3436 1894 3478 h)
1923 3437 2103 3469 abbatum
2135 3438 2167 3467 1.

322 3489 346 3530 i)
373 3490 461 3529 cuti,
491 3489 688 3529 opolitani,
717 3489 774 3530 do,
803 3498 866 3520 um
889 3489 981 3520 absc.

447 3582 490 3636 1)
524 3585 577 3624 V.
611 3584 723 3625 Acta
755 3583 784 3623 l.
819 3583 847 3623 l.
975 3582 1021 3638 2)
1057 3584 1177 3625 Sella
1210 3582 1416 3638 plectilis,
1448 3581 1736 3623 faldistolium
1770 3578 2036 3634 (⁴fauteuil·).
