2240 3879
498 196 750 237 RICHERI
785 198 1195 239 HISTORIARUM
1228 197 1410 238 LIBER
1444 200 1479 237 Ι.
1844 201 1897 239 31

66 337 214 386 cousi
249 341 383 386 sunt.
455 334 527 385 Et
568 336 702 386 inter
748 334 1068 404 loquendum
1115 334 1411 385 *cohortem
1466 347 1782 387 armatorum
1830 338 1896 389 ab
1919 351 2106 387 ‘f01.12'.

62 403 257 455 abditis
283 410 468 455 evocat
491 404 706 473 regique
733 405 942 455 incauto
969 402 1184 453 inducit.
1258 402 1364 466 Qui
1400 404 1717 456 multitudini
1747 408 1899 458 reniti

60 491 169 524 non
203 471 398 538 valenS,
435 491 466 523 a
503 472 715 524 cohorte
753 481 938 541 captus
975 479 1076 536 est,
1130 470 1390 539 aliquibus
1442 490 1561 523 cum
1610 492 1668 525 eo
1716 477 1898 542 captis,

65 540 380 611 quibusdam
417 542 573 592 etiam
610 542 952 610 interemptis,
990 539 1205 609 reliquis
1244 559 1452 610 quoque
1488 542 1695 610 fugatis.
1756 544 1897 594 Duc-

60 619 254 680 tusque
290 612 565 677 Peronam,
617 611 863 662 carcerali
910 609 1176 660 custodiae
1223 609 1519 678 deputatur.
1595 612 1894 678 Germani1,

61 698 185 748 rege
223 683 430 746 amisso,
487 681 540 730 in
589 680 793 731 diversa
846 679 1095 730 feruntur.
1170 679 1408 743 Quorum
1464 680 1551 730 alii
1611 681 1673 731 de
1728 681 1899 733 reditu

61 748 262 800 domini
289 749 572 816 elaborant,
610 749 698 799 alii
722 767 848 800 vero
875 765 906 797 a
931 766 1023 816 spe
1051 747 1257 812 deiecti,
1294 747 1518 800 Rodulfo
1557 751 1668 818 regi
1705 749 1897 816 favent,

59 836 158 870 nec
192 826 369 870 tamen
404 819 458 868 in
485 819 596 869 eius
621 817 779 868 fidem
804 818 1010 886 penitus
1038 818 1349 869 concedunt.
1423 819 1659 883 Quorum
1697 821 1895 887 priores

58 890 449 957 exspectatione
475 887 675 938 diutina
701 886 900 937 domini
935 885 1230 938 libertatem
1264 889 1610 956 opperienteS,
1647 888 1897 940 Heriber-

59 966 172 1008 tum
207 957 529 1026 proditorem
566 956 629 1007 de
667 956 791 1007 fidei
826 954 1111 1006 violatione
1138 974 1259 1024 sepe
1287 966 1642 1009 convenerunt
1679 975 1739 1008 ac
1775 959 1896 1010 inde

0 1073 1 1085 ,
57 1026 339 1095 plurimum
376 1025 518 1095 apud
554 1024 688 1076 male
727 1026 963 1076 conscios
1003 1026 1271 1094 conquesti
1319 1035 1454 1079 sunt.
1530 1027 1732 1091 Quibus
1783 1047 1897 1096 per-

0 1102 1 1141 }
58 1096 276 1147 suadere
311 1113 417 1146 non
450 1093 698 1158 valenteS,
736 1094 800 1146 de
838 1094 1055 1163 periurii
1090 1102 1241 1145 reatu
1275 1094 1403 1145 nihil
1439 1095 1643 1146 ruboris
1671 1098 1897 1148 incusse-

0 1163 1 1166 '
56 1171 192 1231 runt,
230 1183 351 1215 cum
387 1164 465 1214 ira
499 1163 604 1214 Dei
643 1165 719 1214 eis
755 1164 1068 1216 immineret.

207 1279 290 1330 48.
362 1278 626 1329 Exactioa
661 1279 949 1348 pecuniaea
986 1277 1269 1347 publicae³
1306 1278 1487 1348 piratis
1525 1279 1744 1331 dandae.

192 1363 345 1413 Haec
383 1361 507 1413 dum
544 1370 837 1431 agerentur,
875 1366 1127 1432 pyratae*
1156 1361 1353 1414 Gallias
1390 1364 1702 1432 irruperunt,
1742 1382 1897 1433 pecu·
1915 1386 1995 1418 924.

55 1432 182 1484 dum
207 1440 666 1502 armentorumque
692 1431 1007 1484 abductione
1033 1432 1415 1501 multarumque
1444 1451 1602 1501 opum
1640 1433 1897 1485 exhaustu

56 1518 174 1552 cum
210 1500 558 1570 plurimorum
596 1503 897 1570 captivitate
942 1511 1137 1553 terram
1188 1501 1581 1570 depopulantes.
1657 1502 1894 1567 Quorum

53 1571 309 1640 impetum
344 1589 439 1623 rex
476 1569 706 1636 dolensb,
745 1589 956 1622 suorum
994 1590 1120 1622 usus
1161 1570 1390 1637 consilio,
1441 1571 1769 1622 exactionem
1806 1591 1893 1642 pe-

55 1641 242 1691 cuniae
281 1639 558 1692 collatitiae
593 1640 706 1692 fieri
745 1640 1078 1692 exactoribus
1127 1640 1343 1704 indixit,
1395 1658 1528 1709 quae
1565 1640 1801 1691 hostibus
1839 1642 1892 1691 in

52 1710 201 1778 pacis
257 1719 412 1778 pacto
460 1710 829 1761 conferretur&
903 1710 973 1760 Et
1018 1709 1228 1773 collata,
1283 1710 1351 1760 ad
1388 1720 1566 1761 votum
1617 1728 1891 1762 commune

52 1780 393 1848 paciscuntur
421 1788 578 1848 atque
603 1780 659 1830 in
685 1796 779 1830 sua
805 1780 1114 1831 concedunt.
1186 1779 1302 1830 Rex
1338 1797 1478 1844 vero,
1516 1778 1634 1830 licet
1670 1798 1892 1846 merens,

53 1848 122 1898 ad
167 1847 270 1899 alia
318 1866 372 1898 se
420 1847 651 1900 contulit.
725 1848 1069 1900 Exercitum0
1112 1850 1288 1917 itaque
1325 1850 1378 1898 in
1415 1848 1757 1916 Aquitaniam
1803 1849 1892 1899 ad-

52 1935 235 1968 versus
273 1917 386 1968 eius
422 1919 717 1986 principem
756 1916 1090 1969 *XVilelmum
1125 1925 1289 1986 parat,
1328 1935 1388 1967 eo
1424 1917 1565 1986 quod
1601 1916 1753 1969 subdi
1793 1917 1971 1972 sibi'p.
2002 1933 2084 1966 583.

52 1994 463 2055 contempneret.
534 1987 605 2038 Et
639 1995 874 2055 tempore
914 1996 1169 2055 oportuno
1209 2004 1330 2037 cum
1369 1989 1602 2037 exercitu
1627 2005 1782 2055 super
1807 1986 1892 2036 Li-

50 2056 221 2123 gerim
257 2056 420 2107 affuit.
492 2057 564 2107 At
600 2055 875 2108 VVilelmus
912 2055 1137 2108 militum
1174 2057 1383 2124 copiam
1409 2074 1515 2106 non
1539 2057 1762 2124 patiens,
1802 2054 1890 2107 ob-

50 2126 223 2176 ruenti
258 2144 353 2194 per
387 2124 586 2194 legatos
625 2127 921 2176 occurrit**.
994 2124 1207 2195 Illisque
1243 2125 1404 2176 fluvio
1442 2124 1786 2190 interfluente,
1835 2126 1890 2175 in

50 2194 343 2263 legatorum
398 2194 729 2246 suasionibus
776 2195 887 2247 dies
936 2204 1045 2247 tota
1091 2203 1402 2264 consumpta
1451 2203 1528 2246 est
1546 2204 1580 2245 ³.
1654 2194 1890 2245 Tandem

50 2264 136 2315 die
172 2264 336 2315 altera
370 2263 530 2315 fidem
567 2266 830 2334 utrimque
867 2265 1023 2334 pacti,
1063 2283 1095 2315 a
1130 2283 1184 2316 se
1221 2264 1586 2317 discesserunt.

118 2379 202 2430 49.
266 2378 630 2447 Congressusd
668 2378 912 2430 Rodulfid
948 2380 1085 2448 regis
1124 2397 1243 2429 cum
1279 2379 1498 2447 piratisd
1537 2396 1819 2446 eorumque

881 2449 1015 2499 fusio
1031 2449 1069 2498 d.

190 2531 307 2582 Rex
343 2530 465 2582 inde
502 2549 787 2600 regressus,
824 2530 969 2582 febre
1006 2540 1160 2583 acuta
1184 2531 1324 2600 apud
1361 2530 1545 2582 urbem
1573 2531 1886 2582 Senonicam
1907 2547 1988 2579 925.

53 2600 386 2668 corripitur&
461 2600 565 2664 Qui
614 2618 733 2650 cum
783 2599 867 2650 die
916 2601 1108 2651 cretica
1152 2599 1514 2664 convaluisset,
1559 2601 1611 2650 vi
1658 2598 1887 2650 recidiva

51 2687 231 2720 rursus
269 2670 598 2738 opprimitur.
670 2671 750 2720 Ac
789 2667 853 2719 de
891 2667 1053 2720 salute
1080 2669 1378 2737 desperans,
1414 2669 1605 2719 Remos
1632 2668 1699 2719 ad
1727 2669 1887 2720 Sane-

51 2746 164 2790 tum
188 2739 489 2807 Remigium
520 2757 631 2790 sese
669 2737 857 2789 deferri
892 2737 1028 2789 fecit.
1085 2737 1184 2789 Cui
1221 2737 1358 2788 dona
1394 2737 1619 2805 plurima
1653 2737 1887 2806 largitus,

51 2806 233 2877 elapso
270 2826 449 2860 mense
493 2806 688 2859 utiliter
737 2805 1001 2858 convaluit
1044 2807 1330 2876 urbemque
1371 2807 1739 2860 Suessonicam
1784 2805 1885 2856 alia

53 2886 324 2930 curaturus
362 2878 595 2946 expetiit.
667 2877 774 2928 Ubi
811 2895 932 2927 cum
969 2876 1110 2944 apud
1153 2877 1416 2945 principes
1460 2895 1571 2927 rem
1616 2875 1885 2945 publicam

52 2946 357 3013 consuleret,
382 2946 541 3015 legati
557 2946 830 3011 adsistunt,
852 2946 940 3015 qui
965 2947 1256 3013 pyratas***
1284 2945 1386 2997 fide
1405 2945 1600 2997 violata
1618 2947 1886 2996 interiores

52 3015 421 3085 Burgundiae÷
465 3023 640 3085 partes
684 3015 931 3084 irrupisse
979 3024 1241 3081 asserunt,
1299 3033 1711 3084 congressosque
1767 3032 1886 3065 cum

173 3148 212 3203 ²³)
244 3152 502 3191 Nortmanni
538 3152 576 3189 1.
670 3148 727 3202 *‘)
763 3150 913 3190 dolose
946 3156 1093 3190 tamen
1127 3148 1231 3190 add.
1267 3151 1305 3191 1.
1397 3147 1478 3202 ***)
1511 3151 1802 3190 Nortmaunos
1840 3149 1881 3189 1.

173 3208 215 3264 1“)
249 3210 398 3266 (ulteri
429 3210 561 3264 corr.)
596 3213 830 3252 exteriores
866 3210 1106 3252 Galliarum
1143 3211 1183 3250 1.

151 3315 188 3357 a)
216 3317 261 3358 E,
289 3326 319 3358 c,
348 3326 367 3348 c
393 3318 484 3348 absc.
582 3316 620 3358 b)
648 3326 725 3348 non
752 3317 876 3348 ferens
906 3317 937 3347 1.
1039 3313 1071 3354 c)
1099 3315 1179 3346 Iter
1207 3317 1236 3346 l.
1340 3314 1376 3355 d)
1407 3315 1473 3356 Co,
1501 3315 1543 3349 R.
1573 3324 1602 3356 r,
1630 3314 1648 3345 f
1670 3315 1761 3345 absc.

177 3409 222 3463 1)
254 3413 283 3451 i.
309 3424 346 3451 e.
370 3411 553 3463 Belgae.
602 3410 876 3452 Vocabulum
911 3410 1127 3461 corrigere
1156 3414 1308 3449 auctor
1338 3408 1548 3462 neglexit.
1674 3405 1721 3460 ⁸2)
1754 3407 1880 3447 Flod.

55 3483 98 3511 a.
132 3471 236 3512 924.
359 3469 407 3524 3)
439 3472 506 3511 Ex
537 3472 664 3512 Flod.
698 3485 738 3512 a.
772 3472 872 3510 924.
996 3467 1045 3521 4)
1077 3469 1297 3510 Indidem.
