<?xml version="1.0" encoding="UTF-8"?>
<!DOCTYPE html PUBLIC "-//W3C//DTD XHTML 1.0 Transitional//EN"
    "http://www.w3.org/TR/xhtml1/DTD/xhtml1-transitional.dtd">
<html xmlns="http://www.w3.org/1999/xhtml" xml:lang="en" lang="en">
 <head>
  <title>
</title>
<meta http-equiv="Content-Type" content="text/html;charset=utf-8" />
  <meta name='ocr-system' content='tesseract 3.04.00' />
  <meta name='ocr-capabilities' content='ocr_page ocr_carea ocr_par ocr_line ocrx_word'/>
</head>
<body>
  <div class='ocr_page' id='page_1' title='image "./historiarumlibri00richuoft_0028.png"; bbox 0 0 2240 3879; ppageno 0'>
   <div class='ocr_carea' id='block_1_1' title="bbox 148 927 312 1014">
    <p class='ocr_par' dir='ltr' id='par_1_1' title="bbox 148 927 312 1014">
     <span class='ocr_line' id='line_1_1' title="bbox 148 927 309 970; baseline -0.019 -7"><span class='ocrx_word' id='word_1_1' title='bbox 148 927 209 970; x_wconf 76' lang='lat' dir='ltr'>‘p.</span> <span class='ocrx_word' id='word_1_2' title='bbox 224 929 309 961; x_wconf 80' lang='lat'>573.</span> 
     </span>
     <span class='ocr_line' id='line_1_2' title="bbox 229 978 312 1014; baseline -0.012 -4"><span class='ocrx_word' id='word_1_3' title='bbox 229 978 312 1014; x_wconf 79' lang='lat'>893.</span> 
     </span>
    </p>
   </div>
   <div class='ocr_carea' id='block_1_2' title="bbox 153 1417 310 1453">
    <p class='ocr_par' dir='ltr' id='par_1_2' title="bbox 153 1417 310 1453">
     <span class='ocr_line' id='line_1_3' title="bbox 153 1417 310 1453; baseline 0.013 -2"><span class='ocrx_word' id='word_1_4' title='bbox 153 1417 242 1452; x_wconf 77' lang='lat' dir='ltr'>⁸f01.</span> <span class='ocrx_word' id='word_1_5' title='bbox 263 1420 310 1453; x_wconf 70' lang='lat'>5⁴.</span> 
     </span>
    </p>
   </div>
   <div class='ocr_carea' id='block_1_3' title="bbox 154 2055 311 2088">
    <p class='ocr_par' dir='ltr' id='par_1_3' title="bbox 154 2055 311 2088">
     <span class='ocr_line' id='line_1_4' title="bbox 154 2055 311 2088; baseline 0.013 -2"><span class='ocrx_word' id='word_1_6' title='bbox 154 2055 232 2087; x_wconf 89' lang='lat' dir='ltr'>Ian.</span> <span class='ocrx_word' id='word_1_7' title='bbox 253 2055 311 2088; x_wconf 81' lang='lat'>28.</span> 
     </span>
    </p>
   </div>
   <div class='ocr_carea' id='block_1_4' title="bbox 332 205 1743 250">
    <p class='ocr_par' dir='ltr' id='par_1_4' title="bbox 332 205 1743 250">
     <span class='ocr_line' id='line_1_5' title="bbox 332 205 1743 250; baseline 0.001 -3"><span class='ocrx_word' id='word_1_8' title='bbox 332 210 384 247; x_wconf 91' lang='grc'>10</span> <span class='ocrx_word' id='word_1_9' title='bbox 760 207 1012 248; x_wconf 81' lang='lat' dir='ltr'>RIOHERI</span> <span class='ocrx_word' id='word_1_10' title='bbox 1046 205 1460 247; x_wconf 82' lang='lat' dir='ltr'>HISTORIARUM</span> <span class='ocrx_word' id='word_1_11' title='bbox 1493 206 1675 248; x_wconf 87' lang='lat' dir='ltr'><strong>LIBER</strong></span> <span class='ocrx_word' id='word_1_12' title='bbox 1708 209 1743 250; x_wconf 90' lang='lat' dir='ltr'>I.</span> 
     </span>
    </p>
   </div>
   <div class='ocr_carea' id='block_1_5' title="bbox 723 344 1788 414">
    <p class='ocr_par' dir='ltr' id='par_1_5' title="bbox 723 344 1788 414">
     <span class='ocr_line' id='line_1_6' title="bbox 723 344 1788 414; baseline 0 -17"><span class='ocrx_word' id='word_1_13' title='bbox 723 347 801 398; x_wconf 72' lang='lat'>12.</span> <span class='ocrx_word' id='word_1_14' title='bbox 874 347 1174 398; x_wconf 82' lang='lat' dir='ltr'>Promotioa</span> <span class='ocrx_word' id='word_1_15' title='bbox 1211 344 1429 397; x_wconf 84' lang='lat' dir='ltr'>Karolib</span> <span class='ocrx_word' id='word_1_16' title='bbox 1468 345 1523 395; x_wconf 92' lang='lat' dir='ltr'>in</span> <span class='ocrx_word' id='word_1_17' title='bbox 1558 363 1736 414; x_wconf 91' lang='lat' dir='ltr'>regem</span> <span class='ocrx_word' id='word_1_18' title='bbox 1752 355 1788 397; x_wconf 75' lang='lat'>³.</span> 
     </span>
    </p>
   </div>
   <div class='ocr_carea' id='block_1_6' title="bbox 323 428 2240 2524">
    <p class='ocr_par' dir='ltr' id='par_1_6' title="bbox 323 428 2240 2524">
     <span class='ocr_line' id='line_1_7' title="bbox 463 428 2168 497; baseline 0 -16"><span class='ocrx_word' id='word_1_19' title='bbox 463 430 669 482; x_wconf 77' lang='lat' dir='ltr'>Interea</span> <span class='ocrx_word' id='word_1_20' title='bbox 721 450 816 482; x_wconf 83' lang='lat' dir='ltr'>rex</span> <span class='ocrx_word' id='word_1_21' title='bbox 871 451 902 483; x_wconf 86' lang='lat' dir='ltr'>a</span> <span class='ocrx_word' id='word_1_22' title='bbox 954 431 1238 482; x_wconf 80' lang='lat' dir='ltr'>Lemovica</span> <span class='ocrx_word' id='word_1_23' title='bbox 1291 429 1421 480; x_wconf 67' lang='lat' dir='ltr'>m‘be</span> <span class='ocrx_word' id='word_1_24' title='bbox 1477 428 1722 497; x_wconf 78' lang='lat' dir='ltr'>dimotUS‚</span> <span class='ocrx_word' id='word_1_25' title='bbox 1772 430 2131 483; x_wconf 86' lang='lat' dir='ltr'>Echolisinam</span> <span class='ocrx_word' id='word_1_26' title='bbox 2153 442 2168 469; x_wconf 92' lang='lat'><em>1</em></span> 
     </span>
     <span class='ocr_line' id='line_1_8' title="bbox 326 499 2170 571; baseline 0.002 -21"><span class='ocrx_word' id='word_1_27' title='bbox 326 500 458 568; x_wconf 90' lang='lat' dir='ltr'>petit</span> <span class='ocrx_word' id='word_1_28' title='bbox 502 517 563 550; x_wconf 90' lang='lat' dir='ltr'>ac</span> <span class='ocrx_word' id='word_1_29' title='bbox 601 500 676 551; x_wconf 91' lang='lat' dir='ltr'>ibi</span> <span class='ocrx_word' id='word_1_30' title='bbox 715 519 952 570; x_wconf 90' lang='lat' dir='ltr'>quaeque</span> <span class='ocrx_word' id='word_1_31' title='bbox 990 500 1222 569; x_wconf 88' lang='lat' dir='ltr'>gerenda</span> <span class='ocrx_word' id='word_1_32' title='bbox 1260 499 1507 568; x_wconf 88' lang='lat' dir='ltr'>disponit.</span> <span class='ocrx_word' id='word_1_33' title='bbox 1569 499 1680 550; x_wconf 87' lang='lat' dir='ltr'>Nec</span> <span class='ocrx_word' id='word_1_34' title='bbox 1715 500 1877 552; x_wconf 85' lang='lat' dir='ltr'>multo</span> <span class='ocrx_word' id='word_1_35' title='bbox 1916 509 2037 571; x_wconf 90' lang='lat' dir='ltr'>post</span> <span class='ocrx_word' id='word_1_36' title='bbox 2082 520 2170 570; x_wconf 88' lang='lat' dir='ltr'>pe-</span> 
     </span>
     <span class='ocr_line' id='line_1_9' title="bbox 325 568 2174 640; baseline 0.001 -20"><span class='ocrx_word' id='word_1_37' title='bbox 325 579 439 620; x_wconf 88' lang='lat' dir='ltr'>tens</span> <span class='ocrx_word' id='word_1_38' title='bbox 477 570 820 638; x_wconf 87' lang='lat' dir='ltr'>Petragoram</span> <span class='ocrx_word' id='word_1_39' title='bbox 840 580 873 636; x_wconf 79' lang='lat'>²,</span> <span class='ocrx_word' id='word_1_40' title='bbox 928 570 1186 622; x_wconf 83' lang='lat' dir='ltr'>nobilium</span> <span class='ocrx_word' id='word_1_41' title='bbox 1224 588 1409 621; x_wconf 77' lang='lat' dir='ltr'>causas</span> <span class='ocrx_word' id='word_1_42' title='bbox 1449 587 1582 638; x_wconf 89' lang='lat' dir='ltr'>quae</span> <span class='ocrx_word' id='word_1_43' title='bbox 1619 568 1798 621; x_wconf 89' lang='lat' dir='ltr'>litibus</span> <span class='ocrx_word' id='word_1_44' title='bbox 1836 570 2174 640; x_wconf 83' lang='lat' dir='ltr'>agitabantur</span> 
     </span>
     <span class='ocr_line' id='line_1_10' title="bbox 325 638 2172 709; baseline 0.001 -20"><span class='ocrx_word' id='word_1_45' title='bbox 325 639 402 690; x_wconf 89' lang='lat' dir='ltr'>ibi</span> <span class='ocrx_word' id='word_1_46' title='bbox 440 641 756 708; x_wconf 75' lang='lat' dir='ltr'>aequissime</span> <span class='ocrx_word' id='word_1_47' title='bbox 795 640 1015 706; x_wconf 70' lang='lat' dir='ltr'>ordinat,</span> <span class='ocrx_word' id='word_1_48' title='bbox 1071 640 1390 709; x_wconf 85' lang='lat' dir='ltr'>plurimum*</span> <span class='ocrx_word' id='word_1_49' title='bbox 1431 638 1494 690; x_wconf 93' lang='lat' dir='ltr'>de</span> <span class='ocrx_word' id='word_1_50' title='bbox 1535 639 1898 691; x_wconf 82' lang='lat' dir='ltr'>comnnmibus</span> <span class='ocrx_word' id='word_1_51' title='bbox 1938 641 2172 692; x_wconf 89' lang='lat' dir='ltr'>omnium</span> 
     </span>
     <span class='ocr_line' id='line_1_11' title="bbox 328 708 2172 779; baseline 0.001 -20"><span class='ocrx_word' id='word_1_52' title='bbox 328 710 498 760; x_wconf 89' lang='lat' dir='ltr'>causis</span> <span class='ocrx_word' id='word_1_53' title='bbox 545 709 687 778; x_wconf 88' lang='lat' dir='ltr'>apud</span> <span class='ocrx_word' id='word_1_54' title='bbox 738 711 1015 779; x_wconf 87' lang='lat' dir='ltr'>optimates</span> <span class='ocrx_word' id='word_1_55' title='bbox 1054 718 1394 779; x_wconf 76' lang='lat' dir='ltr'>pertractans,</span> <span class='ocrx_word' id='word_1_56' title='bbox 1469 708 1674 773; x_wconf 75' lang='lat' dir='ltr'>Quibus</span> <span class='ocrx_word' id='word_1_57' title='bbox 1731 726 1850 759; x_wconf 90' lang='lat' dir='ltr'>cum</span> <span class='ocrx_word' id='word_1_58' title='bbox 1903 709 2037 761; x_wconf 85' lang='lat' dir='ltr'>foret</span> <span class='ocrx_word' id='word_1_59' title='bbox 2083 709 2172 761; x_wconf 90' lang='lat' dir='ltr'>ad-</span> 
     </span>
     <span class='ocr_line' id='line_1_12' title="bbox 327 778 2173 848; baseline 0.002 -20"><span class='ocrx_word' id='word_1_60' title='bbox 327 778 541 830; x_wconf 85' lang='lat' dir='ltr'>modum</span> <span class='ocrx_word' id='word_1_61' title='bbox 587 780 812 831; x_wconf 90' lang='lat' dir='ltr'>intentus</span> <span class='ocrx_word' id='word_1_62' title='bbox 858 779 1038 848; x_wconf 85' lang='lat' dir='ltr'>ibique</span> <span class='ocrx_word' id='word_1_63' title='bbox 1075 798 1170 848; x_wconf 88' lang='lat' dir='ltr'>per</span> <span class='ocrx_word' id='word_1_64' title='bbox 1206 778 1406 848; x_wconf 86' lang='lat' dir='ltr'>aliquot</span> <span class='ocrx_word' id='word_1_65' title='bbox 1439 786 1678 848; x_wconf 89' lang='lat' dir='ltr'>tempora</span> <span class='ocrx_word' id='word_1_66' title='bbox 1702 796 1815 830; x_wconf 88' lang='lat' dir='ltr'>sese</span> <span class='ocrx_word' id='word_1_67' title='bbox 1851 788 2173 831; x_wconf 88' lang='lat' dir='ltr'>moraturum</span> 
     </span>
     <span class='ocr_line' id='line_1_13' title="bbox 328 847 2172 919; baseline 0.002 -21"><span class='ocrx_word' id='word_1_68' title='bbox 328 858 660 917; x_wconf 79' lang='lat' dir='ltr'>proponeret,</span> <span class='ocrx_word' id='word_1_69' title='bbox 699 848 863 900; x_wconf 88' lang='lat' dir='ltr'>Fulco</span> <span class='ocrx_word' id='word_1_70' title='bbox 900 850 1186 900; x_wconf 86' lang='lat' dir='ltr'>Remorum</span> <span class='ocrx_word' id='word_1_71' title='bbox 1225 848 1655 917; x_wconf 78' lang='lat' dir='ltr'>archiepiscopus</span> <span class='ocrx_word' id='word_1_72' title='bbox 1696 847 1759 899; x_wconf 91' lang='lat' dir='ltr'>de</span> <span class='ocrx_word' id='word_1_73' title='bbox 1797 847 2015 899; x_wconf 86' lang='lat' dir='ltr'>Karolib</span> <span class='ocrx_word' id='word_1_74' title='bbox 2054 867 2172 919; x_wconf 89' lang='lat' dir='ltr'>pro-</span> 
     </span>
     <span class='ocr_line' id='line_1_14' title="bbox 327 917 2174 988; baseline 0.001 -21"><span class='ocrx_word' id='word_1_75' title='bbox 327 920 555 969; x_wconf 88' lang='lat' dir='ltr'>motione</span> <span class='ocrx_word' id='word_1_76' title='bbox 581 919 635 968; x_wconf 91' lang='lat' dir='ltr'>in</span> <span class='ocrx_word' id='word_1_77' title='bbox 659 937 880 988; x_wconf 89' lang='lat' dir='ltr'>regnum</span> <span class='ocrx_word' id='word_1_78' title='bbox 907 919 1079 988; x_wconf 87' lang='lat' dir='ltr'>*apud</span> <span class='ocrx_word' id='word_1_79' title='bbox 1104 918 1295 987; x_wconf 85' lang='lat' dir='ltr'>Belgas</span> <span class='ocrx_word' id='word_1_80' title='bbox 1332 918 1607 970; x_wconf 81' lang='lat' dir='ltr'>tractabat.</span> <span class='ocrx_word' id='word_1_81' title='bbox 1662 917 1955 969; x_wconf 83' lang='lat' dir='ltr'>Videbatur</span> <span class='ocrx_word' id='word_1_82' title='bbox 1981 920 2174 970; x_wconf 81' lang='lat' dir='ltr'>etenim</span> 
     </span>
     <span class='ocr_line' id='line_1_15' title="bbox 326 987 2173 1058; baseline 0.001 -21"><span class='ocrx_word' id='word_1_83' title='bbox 326 996 465 1053; x_wconf 76' lang='lat' dir='ltr'>tunc,</span> <span class='ocrx_word' id='word_1_84' title='bbox 517 987 658 1057; x_wconf 91' lang='lat' dir='ltr'>quod</span> <span class='ocrx_word' id='word_1_85' title='bbox 695 1007 910 1058; x_wconf 86' lang='lat' dir='ltr'>presens</span> <span class='ocrx_word' id='word_1_86' title='bbox 957 990 1280 1058; x_wconf 74' lang='lat' dir='ltr'>oportimitas</span> <span class='ocrx_word' id='word_1_87' title='bbox 1327 988 1449 1039; x_wconf 91' lang='lat' dir='ltr'>huic</span> <span class='ocrx_word' id='word_1_88' title='bbox 1497 989 1573 1039; x_wconf 88' lang='lat' dir='ltr'>rei</span> <span class='ocrx_word' id='word_1_89' title='bbox 1620 987 1851 1057; x_wconf 86' lang='lat' dir='ltr'>aliquam</span> <span class='ocrx_word' id='word_1_90' title='bbox 1889 987 2173 1039; x_wconf 91' lang='lat' dir='ltr'>commodi-</span> 
     </span>
     <span class='ocr_line' id='line_1_16' title="bbox 326 1058 2175 1128; baseline 0.001 -21"><span class='ocrx_word' id='word_1_91' title='bbox 326 1066 518 1108; x_wconf 77' lang='lat' dir='ltr'>tatemc</span> <span class='ocrx_word' id='word_1_92' title='bbox 549 1067 759 1127; x_wconf 83' lang='lat' dir='ltr'>pararet-</span> <span class='ocrx_word' id='word_1_93' title='bbox 772 1060 808 1109; x_wconf 59' lang='grc' dir='ltr'>ἃ.</span> <span class='ocrx_word' id='word_1_94' title='bbox 882 1058 1049 1128; x_wconf 88' lang='lat' dir='ltr'>quue</span> <span class='ocrx_word' id='word_1_95' title='bbox 1086 1058 1405 1128; x_wconf 78' lang='lat' dir='ltr'>plurimume</span> <span class='ocrx_word' id='word_1_96' title='bbox 1432 1058 1785 1127; x_wconf 85' lang='lat' dir='ltr'>persuadebat</span> <span class='ocrx_word' id='word_1_97' title='bbox 1809 1058 2175 1109; x_wconf 84' lang='lat' dir='ltr'>Neustriorum</span> 
     </span>
     <span class='ocr_line' id='line_1_17' title="bbox 325 1127 2176 1198; baseline 0 -20"><span class='ocrx_word' id='word_1_98' title='bbox 325 1127 563 1179; x_wconf 89' lang='lat' dir='ltr'>absentia</span> <span class='ocrx_word' id='word_1_99' title='bbox 586 1131 647 1178; x_wconf 80' lang='lat'>**.</span> <span class='ocrx_word' id='word_1_100' title='bbox 721 1128 966 1180; x_wconf 83' lang='lat' dir='ltr'>Etenimf</span> <span class='ocrx_word' id='word_1_101' title='bbox 1004 1147 1123 1179; x_wconf 90' lang='lat' dir='ltr'>cum</span> <span class='ocrx_word' id='word_1_102' title='bbox 1159 1146 1283 1197; x_wconf 92' lang='lat' dir='ltr'>rege</span> <span class='ocrx_word' id='word_1_103' title='bbox 1320 1129 1375 1178; x_wconf 92' lang='lat' dir='ltr'>in</span> <span class='ocrx_word' id='word_1_104' title='bbox 1411 1128 1648 1197; x_wconf 86' lang='lat' dir='ltr'>partibus</span> <span class='ocrx_word' id='word_1_105' title='bbox 1675 1127 1992 1198; x_wconf 80' lang='lat' dir='ltr'>Aquitaniae</span> <span class='ocrx_word' id='word_1_106' title='bbox 2016 1136 2176 1179; x_wconf 72' lang='lat' dir='ltr'>tuncg</span> 
     </span>
     <span class='ocr_line' id='line_1_18' title="bbox 327 1197 2174 1268; baseline 0 -20"><span class='ocrx_word' id='word_1_107' title='bbox 327 1197 708 1249; x_wconf 83' lang='lat' dir='ltr'>detinebantur.</span> <span class='ocrx_word' id='word_1_108' title='bbox 808 1198 1114 1250; x_wconf 82' lang='lat' dir='ltr'>Suadebant</span> <span class='ocrx_word' id='word_1_109' title='bbox 1175 1216 1383 1268; x_wconf 92' lang='lat' dir='ltr'>quoque</span> <span class='ocrx_word' id='word_1_110' title='bbox 1444 1197 1760 1267; x_wconf 88' lang='lat' dir='ltr'>multiplices</span> <span class='ocrx_word' id='word_1_111' title='bbox 1828 1197 2174 1249; x_wconf 91' lang='lat' dir='ltr'>adolescentis</span> 
     </span>
     <span class='ocr_line' id='line_1_19' title="bbox 329 1267 2175 1337; baseline 0.001 -20"><span class='ocrx_word' id='word_1_112' title='bbox 329 1269 734 1336; x_wconf 88' lang='lat' dir='ltr'>quaerimoniae.</span> <span class='ocrx_word' id='word_1_113' title='bbox 809 1269 923 1319; x_wconf 90' lang='lat' dir='ltr'>Iam</span> <span class='ocrx_word' id='word_1_114' title='bbox 950 1269 1090 1319; x_wconf 89' lang='lat' dir='ltr'>enim</span> <span class='ocrx_word' id='word_1_115' title='bbox 1118 1267 1428 1337; x_wconf 89' lang='lat' dir='ltr'>quindennis</span> <span class='ocrx_word' id='word_1_116' title='bbox 1457 1267 1521 1319; x_wconf 89' lang='lat' dir='ltr'>de</span> <span class='ocrx_word' id='word_1_117' title='bbox 1547 1269 1696 1336; x_wconf 91' lang='lat' dir='ltr'>regni</span> <span class='ocrx_word' id='word_1_118' title='bbox 1723 1268 2004 1319; x_wconf 90' lang='lat' dir='ltr'>amissione</span> <span class='ocrx_word' id='word_1_119' title='bbox 2031 1267 2175 1337; x_wconf 91' lang='lat' dir='ltr'>apud</span> 
     </span>
     <span class='ocr_line' id='line_1_20' title="bbox 327 1337 2175 1406; baseline 0.001 -19"><span class='ocrx_word' id='word_1_120' title='bbox 327 1339 523 1389; x_wconf 91' lang='lat' dir='ltr'>amicos</span> <span class='ocrx_word' id='word_1_121' title='bbox 563 1347 613 1389; x_wconf 93' lang='lat' dir='ltr'>et</span> <span class='ocrx_word' id='word_1_122' title='bbox 641 1338 955 1390; x_wconf 86' lang='lat' dir='ltr'>domesticos</span> <span class='ocrx_word' id='word_1_123' title='bbox 993 1339 1303 1406; x_wconf 80' lang='lat' dir='ltr'>gravissime</span> <span class='ocrx_word' id='word_1_124' title='bbox 1343 1338 1774 1406; x_wconf 72' lang='lat' dir='ltr'>conquerebatm.</span> <span class='ocrx_word' id='word_1_125' title='bbox 1824 1337 2175 1406; x_wconf 86' lang='lat' dir='ltr'>Regnumque</span> 
     </span>
     <span class='ocr_line' id='line_1_21' title="bbox 326 1407 2174 1477; baseline 0.001 -20"><span class='ocrx_word' id='word_1_126' title='bbox 326 1414 605 1475; x_wconf 87' lang='lat' dir='ltr'>paternum</span> <span class='ocrx_word' id='word_1_127' title='bbox 635 1417 871 1477; x_wconf 89' lang='lat' dir='ltr'>repetere</span> <span class='ocrx_word' id='word_1_128' title='bbox 897 1408 1059 1459; x_wconf 86' lang='lat' dir='ltr'>multo</span> <span class='ocrx_word' id='word_1_129' title='bbox 1089 1416 1278 1459; x_wconf 88' lang='lat' dir='ltr'>conatu</span> <span class='ocrx_word' id='word_1_130' title='bbox 1314 1407 1641 1459; x_wconf 87' lang='lat' dir='ltr'>moliebatur.</span> <span class='ocrx_word' id='word_1_131' title='bbox 1717 1407 1814 1457; x_wconf 78' lang='lat' dir='ltr'>*Ei</span> <span class='ocrx_word' id='word_1_132' title='bbox 1840 1425 1965 1476; x_wconf 90' lang='lat' dir='ltr'>ergo</span> <span class='ocrx_word' id='word_1_133' title='bbox 1994 1425 2174 1459; x_wconf 89' lang='lat' dir='ltr'>omnes</span> 
     </span>
     <span class='ocr_line' id='line_1_22' title="bbox 326 1475 2174 1547; baseline 0.001 -20"><span class='ocrx_word' id='word_1_134' title='bbox 326 1476 572 1545; x_wconf 81' lang='lat' dir='ltr'>Belgicae</span> <span class='ocrx_word' id='word_1_135' title='bbox 610 1479 876 1547; x_wconf 88' lang='lat' dir='ltr'>principes</span> <span class='ocrx_word' id='word_1_136' title='bbox 915 1486 965 1530; x_wconf 91' lang='lat' dir='ltr'>et</span> <span class='ocrx_word' id='word_1_137' title='bbox 1011 1477 1210 1547; x_wconf 85' lang='lat' dir='ltr'>aliquot</span> <span class='ocrx_word' id='word_1_138' title='bbox 1250 1477 1480 1529; x_wconf 84' lang='lat' dir='ltr'>Celticae</span> <span class='ocrx_word' id='word_1_139' title='bbox 1529 1494 1861 1546; x_wconf 87' lang='lat' dir='ltr'>summopere</span> <span class='ocrx_word' id='word_1_140' title='bbox 1910 1475 2174 1528; x_wconf 78' lang='lat' dir='ltr'>favebant.</span> 
     </span>
     <span class='ocr_line' id='line_1_23' title="bbox 325 1546 2174 1616; baseline 0.001 -20"><span class='ocrx_word' id='word_1_141' title='bbox 325 1546 531 1597; x_wconf 90' lang='lat' dir='ltr'>Horum</span> <span class='ocrx_word' id='word_1_142' title='bbox 570 1565 779 1616; x_wconf 92' lang='lat' dir='ltr'>quoque</span> <span class='ocrx_word' id='word_1_143' title='bbox 818 1566 1101 1599; x_wconf 86' lang='lat' dir='ltr'>consensus</span> <span class='ocrx_word' id='word_1_144' title='bbox 1140 1547 1236 1598; x_wconf 90' lang='lat' dir='ltr'>sub</span> <span class='ocrx_word' id='word_1_145' title='bbox 1275 1548 1522 1598; x_wconf 89' lang='lat' dir='ltr'>Remensi</span> <span class='ocrx_word' id='word_1_146' title='bbox 1567 1546 1967 1616; x_wconf 88' lang='lat' dir='ltr'>metropolitano</span> <span class='ocrx_word' id='word_1_147' title='bbox 2006 1564 2174 1598; x_wconf 89' lang='lat' dir='ltr'>sacra-</span> 
     </span>
     <span class='ocr_line' id='line_1_24' title="bbox 325 1615 2174 1686; baseline 0 -20"><span class='ocrx_word' id='word_1_148' title='bbox 325 1618 485 1667; x_wconf 90' lang='lat' dir='ltr'>menti</span> <span class='ocrx_word' id='word_1_149' title='bbox 521 1618 633 1667; x_wconf 89' lang='lat' dir='ltr'>iure</span> <span class='ocrx_word' id='word_1_150' title='bbox 671 1617 923 1668; x_wconf 87' lang='lat' dir='ltr'>firmatur.</span> <span class='ocrx_word' id='word_1_151' title='bbox 996 1616 1077 1667; x_wconf 84' lang='lat' dir='ltr'>Ac</span> <span class='ocrx_word' id='word_1_152' title='bbox 1115 1624 1350 1686; x_wconf 88' lang='lat' dir='ltr'>tempore</span> <span class='ocrx_word' id='word_1_153' title='bbox 1377 1624 1566 1668; x_wconf 88' lang='lat' dir='ltr'>statuto</span> <span class='ocrx_word' id='word_1_154' title='bbox 1596 1618 1926 1683; x_wconf 75' lang='lat' dir='ltr'>conveniunt,</span> <span class='ocrx_word' id='word_1_155' title='bbox 1966 1635 2033 1668; x_wconf 81' lang='lat' dir='ltr'>ex</span> <span class='ocrx_word' id='word_1_156' title='bbox 2057 1615 2174 1667; x_wconf 91' lang='lat' dir='ltr'>Bel-</span> 
     </span>
     <span class='ocr_line' id='line_1_25' title="bbox 323 1685 2174 1756; baseline 0.002 -22"><span class='ocrx_word' id='word_1_157' title='bbox 323 1686 442 1754; x_wconf 90' lang='lat' dir='ltr'>gica</span> <span class='ocrx_word' id='word_1_158' title='bbox 459 1694 477 1721; x_wconf 82' lang='grc'><strong>3</strong></span> <span class='ocrx_word' id='word_1_159' title='bbox 505 1685 718 1755; x_wconf 91' lang='lat' dir='ltr'>quidem</span> <span class='ocrx_word' id='word_1_160' title='bbox 741 1685 1083 1752; x_wconf 82' lang='lat' dir='ltr'>Coloniensis‚</span> <span class='ocrx_word' id='word_1_161' title='bbox 1107 1687 1416 1738; x_wconf 84' lang='lat' dir='ltr'>Trevericus</span> <span class='ocrx_word' id='word_1_162' title='bbox 1443 1694 1599 1754; x_wconf 90' lang='lat' dir='ltr'>atque</span> <span class='ocrx_word' id='word_1_163' title='bbox 1619 1687 1960 1756; x_wconf 86' lang='lat' dir='ltr'>Maguntinus</span> <span class='ocrx_word' id='word_1_164' title='bbox 1985 1694 2174 1738; x_wconf 86' lang='lat' dir='ltr'>metro-</span> 
     </span>
     <span class='ocr_line' id='line_1_26' title="bbox 324 1755 2174 1825; baseline 0.001 -19"><span class='ocrx_word' id='word_1_165' title='bbox 324 1755 545 1822; x_wconf 87' lang='lat' dir='ltr'>politani</span> <span class='ocrx_word' id='word_1_166' title='bbox 595 1773 713 1807; x_wconf 93' lang='lat' dir='ltr'>cum</span> <span class='ocrx_word' id='word_1_167' title='bbox 760 1757 866 1807; x_wconf 81' lang='lat' dir='ltr'>suis</span> <span class='ocrx_word' id='word_1_168' title='bbox 906 1755 1231 1807; x_wconf 83' lang='lat' dir='ltr'>diocesaneis</span> <span class='ocrx_word' id='word_1_169' title='bbox 1281 1757 1583 1825; x_wconf 89' lang='lat' dir='ltr'>episcopish</span> <span class='ocrx_word' id='word_1_170' title='bbox 1633 1764 1722 1807; x_wconf 91' lang='lat' dir='ltr'>aut</span> <span class='ocrx_word' id='word_1_171' title='bbox 1759 1774 1940 1807; x_wconf 90' lang='lat' dir='ltr'>eorum</span> <span class='ocrx_word' id='word_1_172' title='bbox 1984 1755 2174 1825; x_wconf 86' lang='lat' dir='ltr'>proba-</span> 
     </span>
     <span class='ocr_line' id='line_1_27' title="bbox 325 1824 2175 1894; baseline 0.001 -18"><span class='ocrx_word' id='word_1_173' title='bbox 325 1824 542 1876; x_wconf 88' lang='lat' dir='ltr'>bilibusi</span> <span class='ocrx_word' id='word_1_174' title='bbox 578 1824 790 1894; x_wconf 77' lang='lat' dir='ltr'>lega-tis3</span> <span class='ocrx_word' id='word_1_175' title='bbox 848 1845 916 1878; x_wconf 80' lang='lat' dir='ltr'>ex</span> <span class='ocrx_word' id='word_1_176' title='bbox 955 1825 1154 1878; x_wconf 83' lang='lat' dir='ltr'>Celtica</span> <span class='ocrx_word' id='word_1_177' title='bbox 1192 1844 1316 1877; x_wconf 84' lang='lat' dir='ltr'>vero</span> <span class='ocrx_word' id='word_1_178' title='bbox 1354 1826 1641 1877; x_wconf 85' lang='lat' dir='ltr'>Remorum</span> <span class='ocrx_word' id='word_1_179' title='bbox 1683 1825 1950 1894; x_wconf 90' lang='lat' dir='ltr'>predictus</span> <span class='ocrx_word' id='word_1_180' title='bbox 1987 1833 2175 1877; x_wconf 89' lang='lat' dir='ltr'>metro-</span> 
     </span>
     <span class='ocr_line' id='line_1_28' title="bbox 325 1894 2174 1965; baseline 0.001 -20"><span class='ocrx_word' id='word_1_181' title='bbox 325 1895 586 1964; x_wconf 89' lang='lat' dir='ltr'>politanus</span> <span class='ocrx_word' id='word_1_182' title='bbox 626 1913 746 1946; x_wconf 94' lang='lat' dir='ltr'>cum</span> <span class='ocrx_word' id='word_1_183' title='bbox 772 1896 972 1965; x_wconf 88' lang='lat' dir='ltr'>aliquot</span> <span class='ocrx_word' id='word_1_184' title='bbox 991 1905 1009 1929; x_wconf 70' lang='grc' dir='ltr'>θ</span> <span class='ocrx_word' id='word_1_185' title='bbox 1038 1897 1143 1947; x_wconf 89' lang='lat' dir='ltr'>suis</span> <span class='ocrx_word' id='word_1_186' title='bbox 1171 1896 1512 1960; x_wconf 79' lang='lat' dir='ltr'>diocesaneis,</span> <span class='ocrx_word' id='word_1_187' title='bbox 1551 1895 1891 1947; x_wconf 89' lang='lat' dir='ltr'>Laudunensi</span> <span class='ocrx_word' id='word_1_188' title='bbox 1914 1894 2174 1962; x_wconf 85' lang='lat' dir='ltr'>videlicet,</span> 
     </span>
     <span class='ocr_line' id='line_1_29' title="bbox 328 1965 2240 2034; baseline -0.001 -17"><span class='ocrx_word' id='word_1_189' title='bbox 328 1965 666 2017; x_wconf 83' lang='lat' dir='ltr'>Catalaunico</span> <span class='ocrx_word' id='word_1_190' title='bbox 705 1974 860 2034; x_wconf 88' lang='lat' dir='ltr'>atque</span> <span class='ocrx_word' id='word_1_191' title='bbox 886 1966 1187 2017; x_wconf 87' lang='lat' dir='ltr'>Morinensi.</span> <span class='ocrx_word' id='word_1_192' title='bbox 1262 1965 1418 2017; x_wconf 89' lang='lat' dir='ltr'>Anno</span> <span class='ocrx_word' id='word_1_193' title='bbox 1432 1967 1555 2000; x_wconf 64' lang='lat'>***·¹³</span> <span class='ocrx_word' id='word_1_194' title='bbox 1593 1974 1768 2017; x_wconf 88' lang='lat' dir='ltr'>autem</span> <span class='ocrx_word' id='word_1_195' title='bbox 1804 1966 2176 2017; x_wconf 83' lang='lat' dir='ltr'>incarnationis</span> <span class='ocrx_word' id='word_1_196' title='bbox 2238 1987 2240 2006; x_wconf 85' lang='lat'><em>=</em></span> 
     </span>
     <span class='ocr_line' id='line_1_30' title="bbox 327 2034 2175 2107; baseline 0.001 -21"><span class='ocrx_word' id='word_1_197' title='bbox 327 2035 658 2086; x_wconf 80' lang='lat' dir='ltr'>dominicaek</span> <span class='ocrx_word' id='word_1_198' title='bbox 698 2034 814 2087; x_wconf 77' lang='lat'>893.</span> <span class='ocrx_word' id='word_1_199' title='bbox 859 2035 923 2107; x_wconf 84' lang='lat'>[5.</span> <span class='ocrx_word' id='word_1_200' title='bbox 951 2034 1070 2085; x_wconf 86' lang='lat' dir='ltr'>Kal.</span> <span class='ocrx_word' id='word_1_201' title='bbox 1088 2035 1159 2107; x_wconf 77' lang='lat'>¹]4</span> <span class='ocrx_word' id='word_1_202' title='bbox 1196 2034 1465 2100; x_wconf 87' lang='lat' dir='ltr'>Februar.‚</span> <span class='ocrx_word' id='word_1_203' title='bbox 1507 2035 1590 2087; x_wconf 88' lang='lat' dir='ltr'>die</span> <span class='ocrx_word' id='word_1_204' title='bbox 1618 2035 1899 2101; x_wconf 80' lang='lat' dir='ltr'>dominica,</span> <span class='ocrx_word' id='word_1_205' title='bbox 1939 2034 2175 2087; x_wconf 74' lang='lat' dir='ltr'>collectie</span> 
     </span>
     <span class='ocr_line' id='line_1_31' title="bbox 324 2104 2175 2175; baseline 0 -19"><span class='ocrx_word' id='word_1_206' title='bbox 324 2106 502 2156; x_wconf 86' lang='lat' dir='ltr'>Remis</span> <span class='ocrx_word' id='word_1_207' title='bbox 540 2106 595 2155; x_wconf 88' lang='lat' dir='ltr'>in</span> <span class='ocrx_word' id='word_1_208' title='bbox 631 2104 849 2156; x_wconf 88' lang='lat' dir='ltr'>basilica</span> <span class='ocrx_word' id='word_1_209' title='bbox 874 2106 1040 2156; x_wconf 88' lang='lat' dir='ltr'>sancti</span> <span class='ocrx_word' id='word_1_210' title='bbox 1065 2106 1293 2174; x_wconf 88' lang='lat' dir='ltr'>Remigii</span> <span class='ocrx_word' id='word_1_211' title='bbox 1318 2104 1576 2156; x_wconf 87' lang='lat' dir='ltr'>Karolum</span> <span class='ocrx_word' id='word_1_212' title='bbox 1603 2104 1958 2175; x_wconf 90' lang='lat' dir='ltr'>quindennem</span> <span class='ocrx_word' id='word_1_213' title='bbox 1994 2123 2175 2174; x_wconf 88' lang='lat' dir='ltr'>regem</span> 
     </span>
     <span class='ocr_line' id='line_1_32' title="bbox 327 2174 2174 2244; baseline -0.001 -18"><span class='ocrx_word' id='word_1_214' title='bbox 327 2182 504 2226; x_wconf 83' lang='lat' dir='ltr'>creant</span> <span class='ocrx_word' id='word_1_215' title='bbox 553 2192 614 2225; x_wconf 85' lang='lat' dir='ltr'>ac</span> <span class='ocrx_word' id='word_1_216' title='bbox 650 2175 705 2225; x_wconf 92' lang='lat' dir='ltr'>in</span> <span class='ocrx_word' id='word_1_217' title='bbox 741 2175 870 2226; x_wconf 88' lang='lat' dir='ltr'>urbe</span> <span class='ocrx_word' id='word_1_218' title='bbox 909 2183 1258 2244; x_wconf 89' lang='lat' dir='ltr'>purpuratum</span> <span class='ocrx_word' id='word_1_219' title='bbox 1306 2193 1449 2226; x_wconf 88' lang='lat' dir='ltr'>more</span> <span class='ocrx_word' id='word_1_220' title='bbox 1494 2177 1639 2244; x_wconf 90' lang='lat' dir='ltr'>regio</span> <span class='ocrx_word' id='word_1_221' title='bbox 1679 2174 1853 2227; x_wconf 88' lang='lat' dir='ltr'>edicta</span> <span class='ocrx_word' id='word_1_222' title='bbox 1889 2175 2015 2226; x_wconf 91' lang='lat' dir='ltr'>dare</span> <span class='ocrx_word' id='word_1_223' title='bbox 2055 2192 2174 2226; x_wconf 90' lang='lat' dir='ltr'>con-</span> 
     </span>
     <span class='ocr_line' id='line_1_33' title="bbox 326 2244 2174 2315; baseline 0 -19"><span class='ocrx_word' id='word_1_224' title='bbox 326 2247 556 2296; x_wconf 83' lang='lat' dir='ltr'>stituunt.</span> <span class='ocrx_word' id='word_1_225' title='bbox 633 2245 702 2295; x_wconf 80' lang='lat' dir='ltr'>Et</span> <span class='ocrx_word' id='word_1_226' title='bbox 728 2263 795 2296; x_wconf 79' lang='lat' dir='ltr'>ex</span> <span class='ocrx_word' id='word_1_227' title='bbox 823 2244 1022 2297; x_wconf 84' lang='lat' dir='ltr'>Celtica</span> <span class='ocrx_word' id='word_1_228' title='bbox 1049 2244 1262 2314; x_wconf 91' lang='lat' dir='ltr'>quidem</span> <span class='ocrx_word' id='word_1_229' title='bbox 1300 2246 1605 2314; x_wconf 89' lang='lat' dir='ltr'>paucissimi</span> <span class='ocrx_word' id='word_1_230' title='bbox 1644 2246 1753 2296; x_wconf 87' lang='lat' dir='ltr'>eius</span> <span class='ocrx_word' id='word_1_231' title='bbox 1791 2253 1966 2315; x_wconf 87' lang='lat' dir='ltr'>partes</span> <span class='ocrx_word' id='word_1_232' title='bbox 1992 2262 2174 2314; x_wconf 90' lang='lat' dir='ltr'>seque-</span> 
     </span>
     <span class='ocr_line' id='line_1_34' title="bbox 325 2313 2174 2383; baseline 0.001 -20"><span class='ocrx_word' id='word_1_233' title='bbox 325 2314 529 2366; x_wconf 89' lang='lat' dir='ltr'>bantur.</span> <span class='ocrx_word' id='word_1_234' title='bbox 602 2314 689 2365; x_wconf 79' lang='lat' dir='ltr'>Ex</span> <span class='ocrx_word' id='word_1_235' title='bbox 726 2313 942 2383; x_wconf 86' lang='lat' dir='ltr'>Belgica</span> <span class='ocrx_word' id='word_1_236' title='bbox 989 2333 1111 2366; x_wconf 84' lang='lat' dir='ltr'>vero</span> <span class='ocrx_word' id='word_1_237' title='bbox 1160 2316 1207 2366; x_wconf 91' lang='lat' dir='ltr'>ei</span> <span class='ocrx_word' id='word_1_238' title='bbox 1258 2332 1437 2366; x_wconf 92' lang='lat' dir='ltr'>omnes</span> <span class='ocrx_word' id='word_1_239' title='bbox 1489 2314 1686 2366; x_wconf 89' lang='lat' dir='ltr'>addicti</span> <span class='ocrx_word' id='word_1_240' title='bbox 1740 2323 1875 2367; x_wconf 88' lang='lat' dir='ltr'>sunt.</span> <span class='ocrx_word' id='word_1_241' title='bbox 1949 2314 2035 2366; x_wconf 88' lang='lat' dir='ltr'>Ab</span> <span class='ocrx_word' id='word_1_242' title='bbox 2072 2313 2174 2365; x_wconf 82' lang='lat' dir='ltr'>illis</span> 
     </span>
     <span class='ocr_line' id='line_1_35' title="bbox 325 2384 2173 2454; baseline 0 -19"><span class='ocrx_word' id='word_1_243' title='bbox 325 2386 463 2435; x_wconf 81' lang='lat' dir='ltr'>enim</span> <span class='ocrx_word' id='word_1_244' title='bbox 501 2384 835 2435; x_wconf 77' lang='lat' dir='ltr'>devotissime</span> <span class='ocrx_word' id='word_1_245' title='bbox 874 2392 1139 2452; x_wconf 80' lang='lat' dir='ltr'>exceptus,</span> <span class='ocrx_word' id='word_1_246' title='bbox 1187 2403 1281 2454; x_wconf 88' lang='lat' dir='ltr'>per</span> <span class='ocrx_word' id='word_1_247' title='bbox 1319 2394 1546 2436; x_wconf 89' lang='lat' dir='ltr'>omnesm</span> <span class='ocrx_word' id='word_1_248' title='bbox 1585 2403 1766 2437; x_wconf 91' lang='lat' dir='ltr'>eorum</span> <span class='ocrx_word' id='word_1_249' title='bbox 1802 2385 1958 2437; x_wconf 89' lang='lat' dir='ltr'>urbes</span> <span class='ocrx_word' id='word_1_250' title='bbox 1996 2392 2047 2436; x_wconf 90' lang='lat' dir='ltr'>et</span> <span class='ocrx_word' id='word_1_251' title='bbox 2084 2402 2173 2454; x_wconf 87' lang='lat' dir='ltr'>op-</span> 
     </span>
     <span class='ocr_line' id='line_1_36' title="bbox 324 2453 1320 2524; baseline 0.001 -19"><span class='ocrx_word' id='word_1_252' title='bbox 324 2454 484 2524; x_wconf 86' lang='lat' dir='ltr'>pidan</span> <span class='ocrx_word' id='word_1_253' title='bbox 522 2453 895 2506; x_wconf 86' lang='lat' dir='ltr'>humanissime</span> <span class='ocrx_word' id='word_1_254' title='bbox 936 2454 1189 2506; x_wconf 90' lang='lat' dir='ltr'>deductus</span> <span class='ocrx_word' id='word_1_255' title='bbox 1228 2462 1320 2506; x_wconf 87' lang='lat' dir='ltr'>est.</span> 
     </span>
    </p>
   </div>
   <div class='ocr_carea' id='block_1_7' title="bbox 447 2598 1567 2653">
    <p class='ocr_par' dir='ltr' id='par_1_7' title="bbox 447 2598 1567 2653">
     <span class='ocr_line' id='line_1_37' title="bbox 447 2598 1567 2653; baseline 0 -14"><span class='ocrx_word' id='word_1_256' title='bbox 447 2598 484 2652; x_wconf 76' lang='lat'>*)</span> <span class='ocrx_word' id='word_1_257' title='bbox 518 2599 585 2640; x_wconf 92' lang='lat' dir='ltr'>Pl.</span> <span class='ocrx_word' id='word_1_258' title='bbox 621 2599 674 2639; x_wconf 89' lang='lat' dir='ltr'>de</span> <span class='ocrx_word' id='word_1_259' title='bbox 708 2601 905 2653; x_wconf 85' lang='lat' dir='ltr'>privatis,</span> <span class='ocrx_word' id='word_1_260' title='bbox 939 2598 1210 2653; x_wconf 89' lang='lat' dir='ltr'>multumque</span> <span class='ocrx_word' id='word_1_261' title='bbox 1246 2600 1300 2640; x_wconf 90' lang='lat' dir='ltr'>de</span> <span class='ocrx_word' id='word_1_262' title='bbox 1337 2613 1490 2640; x_wconf 88' lang='lat' dir='ltr'>comm.</span> <span class='ocrx_word' id='word_1_263' title='bbox 1528 2601 1567 2639; x_wconf 93' lang='grc'>1.</span> 
     </span>
    </p>
   </div>
   <div class='ocr_carea' id='block_1_8' title="bbox 426 2673 2173 2791">
    <p class='ocr_par' dir='ltr' id='par_1_8' title="bbox 426 2673 2173 2791">
     <span class='ocr_line' id='line_1_38' title="bbox 426 2673 2173 2729; baseline 0 -14"><span class='ocrx_word' id='word_1_264' title='bbox 426 2673 484 2728; x_wconf 57' lang='grc' dir='ltr'>*Ὁ</span> <span class='ocrx_word' id='word_1_265' title='bbox 520 2677 594 2728; x_wconf 87' lang='lat' dir='ltr'>qui</span> <span class='ocrx_word' id='word_1_266' title='bbox 628 2675 861 2728; x_wconf 86' lang='lat' dir='ltr'>Sequanae</span> <span class='ocrx_word' id='word_1_267' title='bbox 895 2676 1135 2729; x_wconf 83' lang='lat' dir='ltr'>Ligerique</span> <span class='ocrx_word' id='word_1_268' title='bbox 1169 2677 1311 2716; x_wconf 85' lang='lat' dir='ltr'>fluviis</span> <span class='ocrx_word' id='word_1_269' title='bbox 1354 2677 1617 2717; x_wconf 86' lang='lat' dir='ltr'>interiacent</span> <span class='ocrx_word' id='word_1_270' title='bbox 1664 2676 1768 2717; x_wconf 76' lang='lat' dir='ltr'>add.</span> <span class='ocrx_word' id='word_1_271' title='bbox 1808 2676 1845 2717; x_wconf 89' lang='lat'>1.</span> <span class='ocrx_word' id='word_1_272' title='bbox 1910 2676 2084 2716; x_wconf 87' lang='lat' dir='ltr'>Etenim</span> <span class='ocrx_word' id='word_1_273' title='bbox 2117 2697 2173 2704; x_wconf 91' lang='lat'>—</span> 
     </span>
     <span class='ocr_line' id='line_1_39' title="bbox 526 2735 1333 2791; baseline 0.002 -15"><span class='ocrx_word' id='word_1_274' title='bbox 526 2737 836 2777; x_wconf 86' lang='lat' dir='ltr'>detinebantur</span> <span class='ocrx_word' id='word_1_275' title='bbox 867 2737 913 2777; x_wconf 78' lang='lat' dir='ltr'>in</span> <span class='ocrx_word' id='word_1_276' title='bbox 945 2751 1082 2791; x_wconf 67' lang='lat' dir='ltr'>marg.</span> <span class='ocrx_word' id='word_1_277' title='bbox 1117 2735 1333 2790; x_wconf 75' lang='lat' dir='ltr'>inferiori.</span> 
     </span>
    </p>
   </div>
   <div class='ocr_carea' id='block_1_9' title="bbox 414 2810 2173 2929">
    <p class='ocr_par' dir='ltr' id='par_1_9' title="bbox 414 2810 2173 2929">
     <span class='ocr_line' id='line_1_40' title="bbox 414 2810 2173 2868; baseline 0.001 -16"><span class='ocrx_word' id='word_1_278' title='bbox 414 2810 495 2865; x_wconf 78' lang='grc'>***)</span> <span class='ocrx_word' id='word_1_279' title='bbox 529 2812 654 2853; x_wconf 91' lang='lat' dir='ltr'>Anno</span> <span class='ocrx_word' id='word_1_280' title='bbox 683 2834 735 2841; x_wconf 93' lang='lat'>—</span> <span class='ocrx_word' id='word_1_281' title='bbox 763 2813 997 2863; x_wconf 88' lang='lat' dir='ltr'>dominica,</span> <span class='ocrx_word' id='word_1_282' title='bbox 1031 2813 1194 2863; x_wconf 87' lang='lat' dir='ltr'>Remis,</span> <span class='ocrx_word' id='word_1_283' title='bbox 1226 2818 1376 2854; x_wconf 86' lang='lat' dir='ltr'>creant</span> <span class='ocrx_word' id='word_1_284' title='bbox 1398 2835 1456 2842; x_wconf 89' lang='lat'>—</span> <span class='ocrx_word' id='word_1_285' title='bbox 1479 2812 1596 2853; x_wconf 84' lang='lat' dir='ltr'>redit</span> <span class='ocrx_word' id='word_1_286' title='bbox 1618 2811 1674 2866; x_wconf 83' lang='lat' dir='ltr'>(c.</span> <span class='ocrx_word' id='word_1_287' title='bbox 1698 2811 1773 2866; x_wconf 87' lang='lat'>13)</span> <span class='ocrx_word' id='word_1_288' title='bbox 1808 2812 1833 2850; x_wconf 81' lang='lat'>2</span> <span class='ocrx_word' id='word_1_289' title='bbox 1865 2811 1935 2854; x_wconf 78' lang='lat' dir='ltr'>vel</span> <span class='ocrx_word' id='word_1_290' title='bbox 1964 2810 2011 2852; x_wconf 76' lang='lat' dir='ltr'>in</span> <span class='ocrx_word' id='word_1_291' title='bbox 2033 2826 2173 2868; x_wconf 74' lang='lat' dir='ltr'>marq.</span> 
     </span>
     <span class='ocr_line' id='line_1_41' title="bbox 526 2872 1607 2929; baseline 0 -15"><span class='ocrx_word' id='word_1_292' title='bbox 526 2873 594 2914; x_wconf 80' lang='lat' dir='ltr'>vel</span> <span class='ocrx_word' id='word_1_293' title='bbox 624 2873 671 2912; x_wconf 76' lang='lat' dir='ltr'>in</span> <span class='ocrx_word' id='word_1_294' title='bbox 704 2873 792 2914; x_wconf 82' lang='lat' dir='ltr'>loco</span> <span class='ocrx_word' id='word_1_295' title='bbox 826 2887 942 2915; x_wconf 79' lang='lat' dir='ltr'>raso.</span> <span class='ocrx_word' id='word_1_296' title='bbox 977 2873 1276 2928; x_wconf 83' lang='lat' dir='ltr'>(Collectique</span> <span class='ocrx_word' id='word_1_297' title='bbox 1307 2874 1515 2929; x_wconf 65' lang='lat' dir='ltr'>pergebat</span> <span class='ocrx_word' id='word_1_298' title='bbox 1551 2872 1607 2925; x_wconf 85' lang='lat'>1).</span> 
     </span>
    </p>
   </div>
   <div class='ocr_carea' id='block_1_10' title="bbox 325 3007 2175 3197">
    <p class='ocr_par' dir='ltr' id='par_1_10' title="bbox 325 3007 2175 3197">
     <span class='ocr_line' id='line_1_42' title="bbox 428 3007 2174 3050; baseline 0.001 -11"><span class='ocrx_word' id='word_1_299' title='bbox 428 3007 464 3048; x_wconf 87' lang='lat' dir='ltr'>a)</span> <span class='ocrx_word' id='word_1_300' title='bbox 493 3010 556 3048; x_wconf 77' lang='lat' dir='ltr'>tin,</span> <span class='ocrx_word' id='word_1_301' title='bbox 587 3017 645 3040; x_wconf 90' lang='lat' dir='ltr'>em</span> <span class='ocrx_word' id='word_1_302' title='bbox 673 3009 763 3041; x_wconf 75' lang='lat' dir='ltr'>absc.</span> <span class='ocrx_word' id='word_1_303' title='bbox 840 3008 878 3050; x_wconf 92' lang='lat' dir='ltr'>b)</span> <span class='ocrx_word' id='word_1_304' title='bbox 909 3011 1233 3050; x_wconf 77' lang='lat' dir='ltr'>K.c.pzerumque.</span> <span class='ocrx_word' id='word_1_305' title='bbox 1313 3008 1346 3050; x_wconf 87' lang='lat' dir='ltr'>c)</span> <span class='ocrx_word' id='word_1_306' title='bbox 1376 3019 1392 3041; x_wconf 81' lang='lat' dir='ltr'>e</span> <span class='ocrx_word' id='word_1_307' title='bbox 1418 3019 1511 3042; x_wconf 83' lang='lat' dir='ltr'>corr.</span> <span class='ocrx_word' id='word_1_308' title='bbox 1589 3007 1626 3050; x_wconf 88' lang='lat' dir='ltr'>d)</span> <span class='ocrx_word' id='word_1_309' title='bbox 1656 3009 1775 3040; x_wconf 81' lang='lat' dir='ltr'>vocab.</span> <span class='ocrx_word' id='word_1_310' title='bbox 1805 3018 1954 3041; x_wconf 72' lang='lat' dir='ltr'>erasum.</span> <span class='ocrx_word' id='word_1_311' title='bbox 2031 3008 2067 3050; x_wconf 89' lang='lat' dir='ltr'>e)</span> <span class='ocrx_word' id='word_1_312' title='bbox 2090 3014 2174 3050; x_wconf 70' lang='lat' dir='ltr'>post</span> 
     </span>
     <span class='ocr_line' id='line_1_43' title="bbox 329 3056 2172 3099; baseline 0.002 -12"><span class='ocrx_word' id='word_1_313' title='bbox 329 3057 410 3088; x_wconf 78' lang='lat' dir='ltr'>add.</span> <span class='ocrx_word' id='word_1_314' title='bbox 513 3056 541 3097; x_wconf 87' lang='lat' dir='ltr'>f)</span> <span class='ocrx_word' id='word_1_315' title='bbox 572 3059 732 3096; x_wconf 83' lang='lat' dir='ltr'>profecti</span> <span class='ocrx_word' id='word_1_316' title='bbox 761 3059 823 3089; x_wconf 75' lang='lat' dir='ltr'>del.</span> <span class='ocrx_word' id='word_1_317' title='bbox 941 3057 976 3099; x_wconf 87' lang='lat' dir='ltr'>g)</span> <span class='ocrx_word' id='word_1_318' title='bbox 1003 3060 1124 3090; x_wconf 88' lang='lat' dir='ltr'>adhuc</span> <span class='ocrx_word' id='word_1_319' title='bbox 1154 3061 1185 3090; x_wconf 89' lang='lat'>1.</span> <span class='ocrx_word' id='word_1_320' title='bbox 1301 3057 1339 3099; x_wconf 89' lang='lat' dir='ltr'>h)</span> <span class='ocrx_word' id='word_1_321' title='bbox 1370 3067 1518 3090; x_wconf 84' lang='lat' dir='ltr'>necnon</span> <span class='ocrx_word' id='word_1_322' title='bbox 1545 3059 1702 3097; x_wconf 85' lang='lat' dir='ltr'>reliquis</span> <span class='ocrx_word' id='word_1_323' title='bbox 1732 3057 1778 3099; x_wconf 75' lang='lat'>(22)</span> <span class='ocrx_word' id='word_1_324' title='bbox 1802 3063 1884 3098; x_wconf 79' lang='lat' dir='ltr'>post</span> <span class='ocrx_word' id='word_1_325' title='bbox 1912 3059 1994 3090; x_wconf 77' lang='lat' dir='ltr'>add.</span> <span class='ocrx_word' id='word_1_326' title='bbox 2023 3059 2083 3090; x_wconf 82' lang='lat' dir='ltr'>sed</span> <span class='ocrx_word' id='word_1_327' title='bbox 2108 3059 2172 3093; x_wconf 77' lang='lat' dir='ltr'>del.</span> 
     </span>
     <span class='ocr_line' id='line_1_44' title="bbox 329 3106 2175 3149; baseline 0.002 -13"><span class='ocrx_word' id='word_1_328' title='bbox 329 3108 355 3146; x_wconf 85' lang='lat' dir='ltr'>i)</span> <span class='ocrx_word' id='word_1_329' title='bbox 386 3106 603 3145; x_wconf 86' lang='lat' dir='ltr'>probabiles</span> <span class='ocrx_word' id='word_1_330' title='bbox 635 3108 667 3141; x_wconf 90' lang='lat'>1.</span> <span class='ocrx_word' id='word_1_331' title='bbox 776 3106 815 3148; x_wconf 86' lang='lat' dir='ltr'>k)</span> <span class='ocrx_word' id='word_1_332' title='bbox 843 3106 914 3148; x_wconf 89' lang='lat' dir='ltr'>An,</span> <span class='ocrx_word' id='word_1_333' title='bbox 945 3109 1089 3139; x_wconf 85' lang='lat' dir='ltr'>domini</span> <span class='ocrx_word' id='word_1_334' title='bbox 1116 3109 1207 3140; x_wconf 81' lang='lat' dir='ltr'>absc.</span> <span class='ocrx_word' id='word_1_335' title='bbox 1310 3107 1338 3149; x_wconf 89' lang='lat'>1)</span> <span class='ocrx_word' id='word_1_336' title='bbox 1367 3108 1399 3141; x_wconf 87' lang='lat'>5.</span> <span class='ocrx_word' id='word_1_337' title='bbox 1427 3108 1511 3138; x_wconf 87' lang='lat' dir='ltr'>Kal.</span> <span class='ocrx_word' id='word_1_338' title='bbox 1532 3108 1608 3146; x_wconf 82' lang='lat' dir='ltr'>jam</span> <span class='ocrx_word' id='word_1_339' title='bbox 1635 3107 1727 3139; x_wconf 83' lang='lat' dir='ltr'>absc.</span> <span class='ocrx_word' id='word_1_340' title='bbox 1831 3107 1881 3148; x_wconf 91' lang='lat' dir='ltr'>m)</span> <span class='ocrx_word' id='word_1_341' title='bbox 1910 3117 1979 3148; x_wconf 86' lang='lat' dir='ltr'>per</span> <span class='ocrx_word' id='word_1_342' title='bbox 2006 3116 2026 3139; x_wconf 95' lang='grc' dir='ltr'><strong>ο</strong></span> <span class='ocrx_word' id='word_1_343' title='bbox 2054 3107 2175 3149; x_wconf 64' lang='lat' dir='ltr'>absa,-</span> 
     </span>
     <span class='ocr_line' id='line_1_45' title="bbox 325 3155 1988 3197; baseline 0.002 -12"><span class='ocrx_word' id='word_1_344' title='bbox 325 3157 480 3193; x_wconf 76' lang='lat' dir='ltr'>prz&#39;mum</span> <span class='ocrx_word' id='word_1_345' title='bbox 507 3156 546 3186; x_wconf 90' lang='lat' dir='ltr'>in</span> <span class='ocrx_word' id='word_1_346' title='bbox 575 3156 747 3187; x_wconf 84' lang='lat' dir='ltr'>omnibus</span> <span class='ocrx_word' id='word_1_347' title='bbox 776 3165 808 3188; x_wconf 86' lang='lat' dir='ltr'>c.</span> <span class='ocrx_word' id='word_1_348' title='bbox 838 3157 991 3188; x_wconf 86' lang='lat' dir='ltr'>urbibus</span> <span class='ocrx_word' id='word_1_349' title='bbox 1020 3181 1028 3189; x_wconf 90' lang='lat'>.</span> <span class='ocrx_word' id='word_1_350' title='bbox 1049 3180 1079 3188; x_wconf 90' lang='lat'>..</span> <span class='ocrx_word' id='word_1_351' title='bbox 1107 3158 1254 3197; x_wconf 87' lang='lat' dir='ltr'>oppidis</span> <span class='ocrx_word' id='word_1_352' title='bbox 1281 3157 1449 3196; x_wconf 75' lang='lat' dir='ltr'>scriptum</span> <span class='ocrx_word' id='word_1_353' title='bbox 1476 3159 1562 3188; x_wconf 80' lang='lat' dir='ltr'>erat.</span> <span class='ocrx_word' id='word_1_354' title='bbox 1665 3155 1704 3197; x_wconf 91' lang='lat' dir='ltr'>n)</span> <span class='ocrx_word' id='word_1_355' title='bbox 1734 3159 1770 3188; x_wconf 86' lang='lat' dir='ltr'>et</span> <span class='ocrx_word' id='word_1_356' title='bbox 1798 3165 1870 3197; x_wconf 87' lang='lat' dir='ltr'>opp</span> <span class='ocrx_word' id='word_1_357' title='bbox 1897 3157 1988 3189; x_wconf 76' lang='lat' dir='ltr'>absc.</span> 
     </span>
    </p>
   </div>
   <div class='ocr_carea' id='block_1_11' title="bbox 330 3263 2172 3563">
    <p class='ocr_par' dir='ltr' id='par_1_11' title="bbox 330 3263 2172 3563">
     <span class='ocr_line' id='line_1_46' title="bbox 455 3263 2172 3320; baseline 0.002 -16"><span class='ocrx_word' id='word_1_358' title='bbox 455 3263 500 3317; x_wconf 85' lang='lat'>1)</span> <span class='ocrx_word' id='word_1_359' title='bbox 534 3265 822 3317; x_wconf 72' lang='lat' dir='ltr'>Angouleme.</span> <span class='ocrx_word' id='word_1_360' title='bbox 922 3265 967 3319; x_wconf 77' lang='lat'>2)</span> <span class='ocrx_word' id='word_1_361' title='bbox 1001 3265 1264 3320; x_wconf 82' lang='lat' dir='ltr'>Pe&#39;rigueux.</span> <span class='ocrx_word' id='word_1_362' title='bbox 1376 3264 1422 3319; x_wconf 90' lang='lat'>3)</span> <span class='ocrx_word' id='word_1_363' title='bbox 1457 3265 1678 3306; x_wconf 86' lang='lat' dir='ltr'>Hlotharii</span> <span class='ocrx_word' id='word_1_364' title='bbox 1710 3278 1895 3320; x_wconf 88' lang='lat' dir='ltr'>regnum</span> <span class='ocrx_word' id='word_1_365' title='bbox 1925 3272 2029 3307; x_wconf 83' lang='lat' dir='ltr'>tunc</span> <span class='ocrx_word' id='word_1_366' title='bbox 2062 3270 2172 3308; x_wconf 84' lang='lat' dir='ltr'>tem-</span> 
     </span>
     <span class='ocr_line' id='line_1_47' title="bbox 331 3326 2172 3381; baseline 0.002 -17"><span class='ocrx_word' id='word_1_367' title='bbox 331 3326 447 3378; x_wconf 83' lang='lat' dir='ltr'>poris</span> <span class='ocrx_word' id='word_1_368' title='bbox 470 3326 648 3366; x_wconf 80' lang='lat' dir='ltr'>Arnulso</span> <span class='ocrx_word' id='word_1_369' title='bbox 683 3328 878 3380; x_wconf 87' lang='lat' dir='ltr'>paruisse</span> <span class='ocrx_word' id='word_1_370' title='bbox 914 3333 1098 3378; x_wconf 86' lang='lat' dir='ltr'>constat,</span> <span class='ocrx_word' id='word_1_371' title='bbox 1132 3330 1265 3381; x_wconf 87' lang='lat' dir='ltr'>igitur</span> <span class='ocrx_word' id='word_1_372' title='bbox 1297 3328 1343 3368; x_wconf 90' lang='lat' dir='ltr'>hi</span> <span class='ocrx_word' id='word_1_373' title='bbox 1375 3334 1461 3369; x_wconf 85' lang='lat' dir='ltr'>tres</span> <span class='ocrx_word' id='word_1_374' title='bbox 1495 3326 1818 3380; x_wconf 84' lang='lat' dir='ltr'>archiepiscopi</span> <span class='ocrx_word' id='word_1_375' title='bbox 1849 3327 2060 3368; x_wconf 83' lang='lat' dir='ltr'>Karolum</span> <span class='ocrx_word' id='word_1_376' title='bbox 2091 3328 2172 3367; x_wconf 87' lang='lat' dir='ltr'>mi-</span> 
     </span>
     <span class='ocr_line' id='line_1_48' title="bbox 330 3386 2171 3441; baseline 0.002 -16"><span class='ocrx_word' id='word_1_377' title='bbox 330 3387 446 3426; x_wconf 88' lang='lat' dir='ltr'>nime</span> <span class='ocrx_word' id='word_1_378' title='bbox 479 3400 627 3439; x_wconf 86' lang='lat' dir='ltr'>regem</span> <span class='ocrx_word' id='word_1_379' title='bbox 663 3388 745 3427; x_wconf 89' lang='lat' dir='ltr'>sibi</span> <span class='ocrx_word' id='word_1_380' title='bbox 781 3388 1019 3440; x_wconf 84' lang='lat' dir='ltr'>elegerunt.</span> <span class='ocrx_word' id='word_1_381' title='bbox 1146 3390 1192 3440; x_wconf 83' lang='lat'>4)</span> <span class='ocrx_word' id='word_1_382' title='bbox 1218 3390 1347 3429; x_wconf 87' lang='lat' dir='ltr'>Hunc</span> <span class='ocrx_word' id='word_1_383' title='bbox 1373 3388 1487 3428; x_wconf 87' lang='lat' dir='ltr'>diem</span> <span class='ocrx_word' id='word_1_384' title='bbox 1512 3386 1666 3427; x_wconf 88' lang='lat' dir='ltr'>Karoli</span> <span class='ocrx_word' id='word_1_385' title='bbox 1689 3387 1929 3441; x_wconf 82' lang='lat' dir='ltr'>diplomata</span> <span class='ocrx_word' id='word_1_386' title='bbox 1951 3388 2171 3439; x_wconf 79' lang='lat' dir='ltr'>indicant3</span> 
     </span>
     <span class='ocr_line' id='line_1_49' title="bbox 335 3446 2170 3503; baseline 0.003 -18"><span class='ocrx_word' id='word_1_387' title='bbox 335 3446 449 3486; x_wconf 89' lang='lat' dir='ltr'>diem</span> <span class='ocrx_word' id='word_1_388' title='bbox 499 3447 816 3500; x_wconf 85' lang='lat' dir='ltr'>purificationis</span> <span class='ocrx_word' id='word_1_389' title='bbox 867 3463 899 3489; x_wconf 90' lang='lat' dir='ltr'>s.</span> <span class='ocrx_word' id='word_1_390' title='bbox 946 3449 1113 3489; x_wconf 84' lang='lat' dir='ltr'>Mariae</span> <span class='ocrx_word' id='word_1_391' title='bbox 1163 3449 1314 3503; x_wconf 85' lang='lat' dir='ltr'>(Febr.</span> <span class='ocrx_word' id='word_1_392' title='bbox 1361 3449 1406 3502; x_wconf 83' lang='lat'>2)</span> <span class='ocrx_word' id='word_1_393' title='bbox 1456 3449 1597 3489; x_wconf 89' lang='lat' dir='ltr'>minus</span> <span class='ocrx_word' id='word_1_394' title='bbox 1646 3453 1764 3489; x_wconf 88' lang='lat' dir='ltr'>recte</span> <span class='ocrx_word' id='word_1_395' title='bbox 1812 3448 1924 3488; x_wconf 90' lang='lat' dir='ltr'>Ann.</span> <span class='ocrx_word' id='word_1_396' title='bbox 1965 3448 2170 3501; x_wconf 85' lang='lat' dir='ltr'>Vedast.;</span> 
     </span>
     <span class='ocr_line' id='line_1_50' title="bbox 333 3507 1102 3563; baseline 0.008 -18"><span class='ocrx_word' id='word_1_397' title='bbox 333 3507 386 3546; x_wconf 88' lang='lat' dir='ltr'>cf.</span> <span class='ocrx_word' id='word_1_398' title='bbox 421 3508 612 3549; x_wconf 65' lang='lat' dir='ltr'>Bsshmer</span> <span class='ocrx_word' id='word_1_399' title='bbox 644 3509 752 3562; x_wconf 81' lang='lat' dir='ltr'>Reg.</span> <span class='ocrx_word' id='word_1_400' title='bbox 787 3510 890 3549; x_wconf 87' lang='lat' dir='ltr'>Kar.</span> <span class='ocrx_word' id='word_1_401' title='bbox 925 3524 966 3563; x_wconf 89' lang='lat' dir='ltr'>p.</span> <span class='ocrx_word' id='word_1_402' title='bbox 1006 3510 1102 3551; x_wconf 83' lang='lat'>178.</span> 
     </span>
    </p>
   </div>
  </div>
 </body>
</html>
