2240 3879
90 358 104 371 ³
119 358 250 391 f01.1‘.

80 1594 143 1638 ’μ
171 1597 253 1630 569.

270 216 292 253 10

699 208 953 250 RICHERI
985 209 1399 250 HISTORIARUM
1432 209 1614 251 LIBER
1645 212 1680 252 I.

891 350 936 399 1.
1011 347 1285 399 *Divisioa
1324 347 1480 399 orbiS.

409 432 568 486 Orbis
618 433 795 501 itaque
843 431 1015 502 plaga,
1075 450 1209 502 quae
1259 432 1568 484 morta-libus
1619 452 1732 485 sese
1772 434 2105 486 commodam

268 502 466 573 prebet,
505 520 537 553 a
574 502 1001 571 cosmographis1
1030 502 1283 554 trifariam
1309 502 1474 554 dividi
1499 502 1816 571 perhibetur,
1851 505 1905 554 in
1924 503 2108 555 Asiam

267 571 525 638 videlicet,
551 571 787 623 Africam
814 579 864 623 et
888 572 1173 641 Europam.
1248 573 1486 638 Quarum
1511 573 1671 642 prior,
1699 591 1729 623 a
1755 574 2108 642 septentrione

267 662 362 713 per
399 642 610 694 orientis
647 642 907 711 regionem
953 660 1118 710 usque
1166 644 1222 692 in
1268 651 1505 695 austrum
1542 642 1867 694 extrinsecus
1913 660 2109 695 oceano

269 713 640 778 disterminata,
696 712 912 763 interius
965 730 995 762 a
1040 711 1257 779 Ripheis
1306 712 1573 764 montibus
1619 729 1785 781 usque
1823 712 1891 763 ad
1940 721 2109 764 terrae

269 781 599 847 umbilicum,
645 781 872 847 Thanai,
925 781 1191 833 Meothide
1245 781 1734 851 Mediterraneoque
1779 781 1846 833 ab
1892 781 2112 852 Europa

270 852 621 920 distinguitur.
697 850 779 902 Ab
806 850 1055 903 umbilico
1080 868 1204 902 vero
1231 870 1397 921 usque
1434 853 1489 902 in
1525 860 1762 903 austrum
1793 850 1913 902 Nilo
1950 850 2110 902 fluvio

269 923 334 974 ab
372 920 554 972 Africa
591 928 668 972 est
705 920 920 971 seclusa.
994 920 1230 971 Africam
1274 940 1398 973 vero
1445 930 1495 973 et
1539 922 1826 991 Europam,
1881 921 2110 972 exterius

271 990 483 1062 quidem
508 989 574 1040 ab
601 998 775 1041 austro
802 992 857 1040 in
884 991 1289 1059 septentrionem
1317 1008 1512 1043 oceano
1541 991 1906 1056 circumdatas,
1945 989 2111 1042 Medi-

268 1061 568 1114 terraneusb
619 1060 920 1112 interiectus
972 1059 1312 1112 discriminat.
1400 1060 1485 1112 Ab
1525 1061 1656 1112 Asia
1704 1079 1830 1112 vero
1891 1061 2110 1112 interius

271 1149 448 1183 earum
484 1128 701 1181 alteram
736 1128 885 1180 Nilus
900 1139 934 1195 ⁶,
973 1128 1190 1181 alteram
1227 1149 1351 1181 vero
1389 1130 1835 1183 Mediterraneum
1861 1130 2113 1181 Thanais-

272 1219 372 1270 que
408 1217 470 1251 ac
507 1198 712 1263 MeotiS,
759 1207 816 1250 ut
854 1198 1052 1251 dictum
1091 1208 1183 1265 est,
1233 1201 1528 1269 seiungunt.
1603 1201 1840 1265 Quarum
1879 1198 2114 1269 singulae

273 1289 393 1322 cum
429 1270 669 1338 proprias
705 1267 931 1320 habeant
968 1268 1375 1336 distributiones,
1414 1270 1662 1338 Europae
1698 1277 1875 1320 tamen
1911 1278 2115 1338 partem

270 1358 446 1406 unam,
486 1357 617 1408 quae
657 1337 827 1389 Gallia
865 1357 895 1389 a
933 1338 1157 1390 candore
1180 1348 1197 1374 2
1236 1348 1469 1405 vocatm,
1518 1357 1577 1390 eo
1618 1339 1760 1408 quod
1797 1337 2114 1390 candidioris

272 1410 466 1480 speciei
502 1409 707 1475 insigne
746 1409 854 1459 eius
894 1409 1099 1459 oriundi
1136 1408 1415 1477 preferant,
1466 1411 1520 1459 in
1557 1427 1676 1460 suas
1715 1408 1962 1460 diducere
1999 1426 2115 1476 par-

271 1486 348 1531 tes
385 1487 556 1531 ratum
594 1478 737 1528 duxi.

573 1577 648 1628 *2
721 1576 879 1627 Istius
919 1576 1121 1630 Galliae
1158 1597 1253 1648 per
1289 1587 1466 1648 partes
1506 1578 1818 1631 distributio·

411 1660 616 1713 Gallia3
654 1679 778 1729 ergo
818 1662 902 1712 etd
938 1662 1091 1731 ipsad
1126 1663 1180 1713 in
1214 1664 1314 1714 tria
1338 1663 1583 1715 distincta
1619 1673 1711 1731 est,
1748 1665 1803 1715 in
1828 1662 2116 1733 Belgicam,
2179 1669 2180 1673 ’

274 1730 541 1796 Celticam,
579 1731 966 1800 Aquitanicam.
1041 1732 1278 1798 Quarum
1314 1734 1458 1802 prior
1484 1733 1702 1803 Belgica
1732 1752 1764 1784 a
1787 1734 1987 1800 RhenO,
2027 1734 2117 1803 qui

274 1800 613 1852 Germaniam
656 1801 722 1853 ab
771 1818 964 1852 oceano
1013 1801 1337 1869 determinat,
1389 1822 1522 1873 quae
1559 1803 1841 1856 multarum
1880 1804 2117 1873 gentium

270 1870 420 1922 ferax
456 1889 487 1921 a
521 1871 863 1938 germina-ndo
900 1889 1093 1923 nomen
1143 1874 1347 1942 accepit
1360 1883 1394 1940 4,
1453 1875 1811 1943 exporrigitur
1855 1891 2027 1943 usque
2062 1873 2118 1923 in

271 1940 490 1991 fluvium
526 1940 835 1991 Matronam.
908 1941 992 1992 Ab
1010 1945 1029 1965 *
1068 1950 1290 2011 utroque
1334 1961 1459 1995 vero
1505 1942 1679 2010 latere,
1730 1944 1854 1995 hinc
1899 1943 2112 2014 quidem

272 2008 499 2079 Alpibus
536 2009 800 2075 Penninis,
844 2010 966 2061 inde
1001 2029 1124 2062 vero
1172 2013 1304 2063 mari
1348 2012 1586 2080 vallatur,
1635 2014 1783 2065 cuius
1835 2013 2113 2065 circumfu-

274 2081 417 2131 sione
447 2078 617 2131 insula
653 2078 979 2131 Brittannica
1016 2080 1252 2133 efficitur.
1328 2081 1527 2134 Celtica
1553 2085 1788 2135 autem**
1815 2100 1846 2133 a
1869 2083 2114 2134 Matrona

273 2167 366 2218 per
401 2148 616 2218 longum
651 2150 705 2199 in
744 2148 1050 2200 Garunnam
1089 2150 1426 2218 distenditur,
1468 2153 1615 2204 cuius
1631 2155 1702 2179 ***
1739 2152 1902 2205 latera
1929 2153 2113 2205 oceani

274 2220 586 2270 Brittannici
626 2226 675 2270 et
711 2218 909 2270 insulae
935 2220 1294 2272 Brittannicae
1332 2220 1521 2274 limites
1559 2223 1770 2275 habent.
1844 2221 2113 2293 Quicquid

273 2307 396 2340 vero
432 2307 463 2338 a
488 2287 740 2339 Garunna
777 2288 1117 2341 distenditur†
1154 2291 1208 2340 in
1245 2292 1541 2359 Pireneum,
1580 2292 1899 2362 Aquitanica
1936 2291 2113 2361 appel-

273 2357 422 2424 latm,
489 2358 609 2408 hinc
625 2360 666 2391 †÷
727 2358 982 2410 Rhodano
1032 2358 1293 2430 Ararique
1349 2371 1505 2431 atque
1561 2362 1682 2415 inde
1729 2362 2113 2415 Mediterraneo

277 2427 618 2480 conlimitans,
693 2426 910 2479 Constat
933 2429 1125 2498 itaque,
1153 2431 1309 2482 totius
1338 2430 1540 2483 Galliae
1567 2433 1795 2502 spatium
1821 2433 1888 2484 ab
1917 2432 2115 2484 oriente

275 2497 486 2619 {uidem
514 2498 709 2563 RhenO,
736 2496 801 2548 ab
830 2497 1101 2550 occidente
1115 2500 1354 2568 Pyreneo
1373 2505 1453 2567 ἢῆ,
1482 2510 1532 2553 et
1556 2520 1588 2552 a
1613 2503 1964 2571 septentrione
1983 2501 2115 2552 mari

323 2567 614 2633 rittannicO,
652 2567 717 2619 ab
755 2575 927 2619 austro
966 2587 1092 2620 vero
1130 2569 1511 2623 Mediterraneo
1552 2572 1709 2640 cingi.

395 2668 431 2724 ⁹)
464 2673 530 2712 Ab
560 2695 613 2701 -
650 2673 835 2713 efficitur
866 2673 912 2713 in
946 2688 1083 2728 marg.

376 2731 432 2786 **)
467 2739 611 2774 autem
644 2733 746 2774 hinc
774 2735 986 2787 Matrona,
1020 2735 1123 2775 inde
1160 2737 1366 2777 Garunna
1400 2737 1590 2778 abluitur
1627 2740 1663 2779 1.

349 2791 428 2848 ⁰⁸)
463 2795 585 2835 cuius
619 2817 674 2823 —
709 2795 874 2835 habent
906 2794 952 2835 in
984 2810 1122 2850 mary.

395 2853 434 2909 †)
470 2854 513 2896 d.
546 2856 590 2894 in
622 2856 850 2905 Hiberum,
886 2858 959 2909 qui
991 2857 1203 2899 Hiberiae
1247 2861 1418 2911 regioni
1459 2873 1618 2900 nomen
1665 2859 1838 2910 indidit,
1889 2871 2027 2913 usque
2070 2861 2115 2899 in

471 2928 681 2956 oceanum
721 2918 757 2956 1.

373 2974 434 3029 ††)
468 2976 570 3016 hinc
605 2979 857 3030 provinciae
890 2978 1180 3030 Lugdunensi
1215 2994 1324 3020 corr.
1358 2981 1575 3022 Rhodano
1599 2981 1813 3033 Ararique
1848 2986 1979 3034 atque
2011 2978 2114 3021 inde

471 3037 590 3077 Med.
628 3051 664 3078 c.
700 3037 743 3077 in
776 3052 913 3091 marq.
952 3039 989 3079 1.
1121 3038 1202 3092 †††)
1237 3041 1416 3094 Hybero
1454 3043 1492 3083 1.

373 3110 409 3154 a)
438 3113 533 3144 Haec
558 3113 710 3152 capitum
738 3118 943 3152 aryumerzta
972 3115 1008 3145 in
1037 3116 1111 3147 cod.
1138 3125 1271 3156 semper
1298 3117 1336 3149 in
1362 3118 1521 3157 maryz’ne
1555 3117 1687 3156 scripta
1713 3122 1797 3148 sunt
1824 3118 2019 3157 majoribus
2040 3118 2113 3158 ple-

276 3170 425 3201 rumque
459 3162 595 3193 litteris.
708 3162 744 3202 b)
773 3163 908 3193 litterae
943 3172 1008 3194 eus
1045 3166 1102 3195 vir
1140 3166 1204 3205 Zeqz'
1235 3171 1408 3206 possunt;
1447 3167 1768 3198 Mediterraneum
1808 3166 2048 3207 interJectum
2073 3166 2113 3199 P.

278 3210 310 3252 c)
338 3212 444 3243 Nilos
472 3221 564 3243 corr.
592 3211 714 3244 Nilne.
815 3210 851 3251 d)
875 3217 956 3250 post
984 3212 1064 3245 add.

400 3274 444 3328 1)
480 3275 547 3316 Cf.
568 3277 710 3317 Orosii
734 3275 761 3316 l.
782 3275 817 3323 1,
843 3288 878 3314 c.
900 3276 938 3316 2.
1052 3277 1092 3331 2)
1128 3280 1194 3319 Ex
1217 3280 1374 3321 Isidor.
1393 3281 1536 3333 Etym.
1570 3279 1688 3330 XIV,
1713 3279 1754 3329 4,
1780 3279 1848 3320 25.
1976 3280 2021 3331 3)
2046 3279 2114 3320 Of.

279 3336 441 3377 Caesar
462 3336 497 3386 I,
527 3337 563 3387 1,
597 3349 724 3390 quem
760 3335 831 3376 hic
864 3338 1059 3389 sequitur
1090 3340 1320 3391 Richerus,
1353 3354 1495 3394 neque
1528 3346 1675 3381 tamen
1706 3345 1861 3393 postea
1894 3340 1977 3381 sibi
2013 3353 2113 3380 con-

278 3402 376 3447 stat,
408 3398 692 3450 Aquitaniam
726 3397 781 3436 ad
815 3397 1007 3449 Ligerim
1043 3413 1179 3453 usque
1216 3401 1469 3443 extendens.
1505 3424 1558 3430 —
1595 3401 1701 3454 Cap.
1738 3401 1776 3440 2.
1805 3401 1846 3440 3.
1882 3400 2111 3440 Ekkehar-

279 3457 358 3498 dus
390 3459 434 3498 in
466 3459 646 3499 historia
677 3458 850 3511 Pippini
886 3464 927 3498 et
954 3459 1269 3502 Karolomanni
1302 3464 1512 3504 maiorum
1551 3462 1702 3503 domus
1735 3463 1900 3514 regiae,
1935 3460 2014 3502 SS.
2035 3461 2113 3512 VI,

277 3532 319 3571 p.
348 3518 445 3573 158,
482 3520 725 3573 exscripsit.
849 3516 896 3571 4)
931 3519 1085 3561 Isidor.
1120 3521 1148 3561 1.
1182 3522 1210 3564 l.
