2240 3879
149 540 239 572 'foL
257 542 290 575 3.

125 844 185 886 ἰ).
203 846 285 879 571.

203 1342 286 1375 890.

197 2369 277 2401 892.

130 2999 141 3011 ⁸
157 3002 220 3035 fol.
238 3003 284 3035 3¹.

312 181 335 219 6
739 177 992 218 RICHERI
1026 177 1440 218 HISTORIARUM
1474 178 1659 219 LIBER
1691 181 1728 222 I.

307 314 613 367 habebatur.
687 315 804 367 Rex
849 317 1049 368 interea
1085 335 1179 385 per
1214 315 1329 368 loca
1343 320 1382 383 *,
1430 336 1563 386 quae
1609 320 1791 387 piratis
1837 321 2154 374 irruentibus

307 385 508 436 aditum
556 383 852 455 prebebant
866 394 900 452 ³,
948 387 1265 438 munitiones
1315 388 1536 439 exstruit
1586 406 1647 439 ac
1695 389 1751 439 in
1797 391 1870 441 eis
1928 390 2154 442 militum

307 456 490 524 copias
527 457 692 524 ponit.
763 456 885 525 Ipse
925 473 1046 507 cum
1084 458 1318 509 exercitu
1353 458 1408 507 in
1445 456 1763 526 Aquitaniae
1799 469 1975 528 partes
2014 479 2154 512 sece-

308 524 452 590 dens,
506 543 613 576 non
650 532 771 576 ante
810 543 864 576 se
913 525 1202 577 rediturum
1247 545 1564 596 proponenS,
1621 530 1814 598 *quam
1851 529 2155 599 supradicta

306 594 471 645 modii
508 594 839 646 frumentarii
876 614 1123 648 mensura-
1160 597 1363 648 duabus
1403 596 1634 666 dragmis
1671 599 1887 665 veniret,
1938 598 2155 669 gallina-

306 665 408 714 tius
456 682 580 716 vero
631 665 845 716 denario
885 673 1042 735 atque
1082 667 1192 717 ovis
1232 666 1435 718 duabus
1473 667 1654 718 itidem
1693 666 1942 737 dragmis,
1992 687 2156 722 vacca

305 752 430 785 vero
467 732 634 785 tribus
671 736 839 785 unciis
877 734 1299 787 venumdaretur.

481 836 499 853 *
520 835 565 886 6.
640 835 867 903 Pyratae
904 834 1254 887 Brittanniam
1292 838 1554 906 impetunt
1591 854 1652 888 ac
1689 837 1978 890 devastant.

444 918 648 970 Interea
685 938 808 988 rege
847 920 990 988 apud
1026 921 1211 973 urbem
1249 920 1489 972 Anitium
1513 931 1527 957 1
1568 940 1679 972 rem
1716 921 1988 991 publicam
2036 942 2155 993 pro-

306 996 532 1054 curante,
574 997 794 1057 pyratae
832 1009 862 1040 a
899 989 1090 1042 finibus
1129 991 1405 1042 Neustriae
1420 993 1466 1014 **
1504 990 1658 1060 pulsi,
1705 1010 1826 1043 eum
1870 992 1974 1044 adb
2026 995 2154 1046 inte-

303 1058 441 1108 riora
492 1057 810 1127 Aquitaniae
859 1061 1219 1112 concessisse0
1270 1061 1562 1112 dinoscunt.
1646 1060 1930 1114 Confluunt
1978 1063 2155 1133 itaque

303 1144 365 1177 ac
411 1125 628 1179 classem
677 1137 866 1196 parant
914 1138 1069 1200 atque
1119 1130 1472 1182 Brittanniam
1526 1133 1786 1199 repentini
1839 1133 2152 1202 irrumpunt.

302 1196 564 1248 Brittanni
611 1201 883 1266 repentino
933 1199 1279 1252 barbarorum
1326 1203 1529 1269 impetu
1565 1202 1744 1267 territi,
1797 1204 2154 1255 saevientibus

304 1266 509 1333 cedunt.
587 1265 792 1338 Cuique
845 1270 1010 1320 vitam
1064 1278 1268 1321 tantum
1325 1269 1527 1321 salvare
1583 1271 1707 1321 satis
1763 1271 1874 1323 fuit.
1954 1272 2155 1324 Rerum

303 1354 516 1387 suarum
562 1340 885 1406 ereptionem
943 1357 1098 1390 nemo
1157 1340 1456 1410 quaerebat.
1533 1339 1615 1389 De
1665 1341 1776 1391 vita
1823 1340 2152 1394 solummodo

303 1406 588 1473 agitabant.
663 1408 817 1459 Unde
874 1417 923 1460 et
979 1411 1085 1459 suis
1140 1409 1247 1461 fere
1305 1409 1547 1460 omnibus
1597 1408 1874 1477 derelictis,
1931 1419 2153 1480 pyratae

302 1476 501 1542 passim
557 1479 845 1545 rapiuntur.
939 1479 1193 1548 Quaeque
1249 1478 1529 1530 commoda
1583 1487 1856 1548 asportant
1910 1499 1974 1532 ac
2031 1499 2152 1533 cum

302 1543 462 1595 multa
497 1563 672 1596 rerum
709 1547 873 1615 preda
910 1548 1049 1599 nullo
1088 1550 1342 1601 renitente
1379 1549 1614 1600 redeunt.
1675 1549 1810 1601 Tam
1846 1549 1987 1602 felici
2024 1570 2149 1621 ergo

303 1630 548 1665 successu
599 1614 732 1684 elati,
784 1636 879 1685 per
927 1619 1212 1670 exteriores
1250 1619 1577 1670 Brittannia-e
1614 1618 1745 1671 fines
1783 1638 1934 1672 secus
1972 1620 2150 1673 Ande-

297 1702 492 1749 gavum
517 1683 861 1754 Aquita-niam
897 1689 1195 1757 irrumpunt
1226 1688 1495 1759 multaque
1523 1688 1931 1758 depopulatione
1955 1699 2150 1743 terram

297 1752 587 1805 devastant.
649 1753 939 1808 Abducunt
974 1759 1114 1810 viros
1153 1777 1215 1810 ac
1253 1757 1495 1810 mulieres
1526 1770 1845 1828 puerosque.
1909 1760 2149 1826 Quorum

296 1825 649 1890 provectiores
701 1826 756 1875 in
804 1836 1025 1897 utroque
1075 1847 1207 1880 sexu
1253 1829 1582 1882 obtruncant.
1657 1830 1855 1881 Pueros
1909 1832 2151 1883 servituti

296 1894 616 1962 mancipant,
666 1893 887 1947 feminas
938 1916 1061 1948 vero
1114 1917 1248 1967 quae
1296 1900 1556 1951 formosae
1601 1898 1919 1952 videbantur
1963 1902 2149 1970 prosti-

296 1968 461 2013 tuunt.

474 2064 519 2114 7.
597 2062 714 2115 Odo
753 2083 848 2115 rex
876 2066 896 2098 ‘¹
936 2075 1116 2118 contra
1155 2070 1408 2136 pyratasd
1447 2070 1774 2120 exercitumd
1810 2078 1978 2138 parat.

439 2146 545 2198 Sed
582 2148 815 2200 nonnulli
851 2152 1000 2201 vario
1040 2161 1234 2204 eventu
1272 2152 1452 2222 elapsi,
1500 2153 1744 2223 profugio
1784 2153 1973 2206 salvati
2012 2163 2146 2207 sunt.

299 2214 347 2265 A
387 2214 575 2285 quibus
613 2218 737 2269 dum
776 2222 1185 2288 exagitarentur,
1225 2241 1351 2273 mox
1388 2222 1597 2275 Odonie
1635 2225 1747 2293 regi
1784 2223 1947 2276 relata
1984 2224 2147 2278 fuere.

300 2285 404 2349 Qui
442 2305 615 2337 rerum
652 2289 1014 2357 magnitudine
1040 2301 1227 2358 motus,
1268 2301 1524 2362 quotquot
1551 2313 1618 2344 ex
1642 2293 1935 2363 Aquitania
1961 2295 2148 2364 potuit,

300 2354 506 2406 fedicto
563 2359 708 2426 regio
765 2363 1078 2429 congregari
1125 2364 1364 2432 precepit
1417 2363 1607 2415 milites
1663 2363 1987 2433 peditesque.
2060 2364 2150 2416 Ex

298 2425 567 2477 Provintia
606 2445 829 2498 quoque,
871 2449 1004 2499 quae
1030 2432 1285 2483 Rhodano
1325 2441 1375 2483 et
1400 2432 1626 2502 Alpibus
1664 2435 1903 2503 marique
1942 2451 2004 2485 ac
2044 2433 2148 2486 Gro-

296 2493 504 2545 thorum
541 2496 732 2548 finibus
769 2499 1181 2571 circumquaque
1219 2502 1460 2568 ambitur,
1508 2502 1841 2554 Arelatenses
1880 2522 1943 2555 ac
1981 2503 2149 2556 Aura-

297 2565 501 2616 sicanos
520 2575 537 2601 ²
575 2566 771 2618 habuit.
851 2569 956 2620 Sed
995 2579 1044 2621 et
1070 2590 1137 2622 ex
1166 2571 1357 2623 Gothia
1384 2572 1710 2624 Tholosanos
1738 2580 1896 2643 atque
1922 2572 2148 2625 Nemau-

300 2635 442 2685 sinos
457 2642 490 2685 3.
567 2635 772 2700 Quibus
819 2637 1065 2706 collectis,
1105 2643 1364 2692 exercitus
1401 2643 1579 2711 regius
1615 2645 1668 2693 in
1707 2642 1891 2695 decem
1938 2642 2152 2696 milibus

299 2705 547 2772 equitum,
604 2705 840 2773 peditum
889 2728 1013 2761 vero
1064 2730 1158 2762 sex
1210 2710 1422 2764 milibus
1475 2721 1600 2764 erat.
1672 2712 1923 2764 Procedit
1968 2714 2147 2783 itaque

302 2791 450 2824 secus
476 2773 830 2843 B1-idda111b·4,
858 2781 1027 2830 sancti
1052 2780 1243 2831 Iuliani
1269 2783 1498 2833 martiris
1526 2790 1756 2834 castrum
1771 2783 1809 2848 b,
1841 2783 1941 2834 iter
1965 2801 2145 2851 agens.

302 2842 656 2913 Sanctumque
704 2848 862 2914 regiis
905 2849 1054 2901 donis
1105 2860 1400 2918 veneratus,
1438 2851 1788 2904 Arvernicum
1834 2870 2034 2921 pagum
2070 2853 2146 2903 in-

299 2912 546 2980 greditur.
620 2913 741 2965 Huc
778 2917 883 2967 iam
920 2918 1092 2971 hostes
1132 2921 1455 2974 advenerant
1480 2940 1542 2974 ac
1568 2929 1797 2973 castrum
1824 2921 1966 2991 quod
1990 2922 2144 2974 Mons

303 2981 531 3035 Panchei
547 2992 565 3018 ⁵
593 2983 783 3036 dicitur
807 2986 1103 3040 vehementi
1125 2990 1405 3044 hostilitate
1431 2990 1755 3061 premebant.
1831 2992 1980 3043 *Rex
2003 2993 2144 3061 prin-

421 3101 460 3154 *)
494 3102 523 3142 l.
559 3106 775 3146 maritima
813 3107 850 3146 1.
978 3107 1036 3161 **)
1070 3112 1286 3152 Franciae
1318 3114 1357 3153 1.

396 3206 432 3247 a)
462 3208 689 3247 prebuerant
721 3213 750 3241 1.
851 3211 892 3252 b)
913 3218 994 3252 post
1023 3216 1103 3247 add.
1196 3217 1227 3258 c)
1255 3219 1455 3250 secessisse
1484 3219 1517 3250 1.
1618 3215 1655 3257 d)
1686 3228 1721 3259 x,
1750 3226 1857 3259 pyra,
1886 3219 2021 3250 reitum
2048 3219 2140 3251 abac.

300 3255 334 3295 e)
365 3256 406 3287 Ο.
433 3266 460 3288 c.
485 3258 699 3297 plerumque.
801 3260 828 3298 f)
859 3269 905 3292 ex
932 3263 996 3294 del,

422 3352 465 3404 1)
499 3352 562 3392 Le
596 3353 702 3405 Puy,
748 3368 882 3408 prope
923 3356 1064 3398 fontes
1097 3359 1285 3413 Ligeris.
1411 3360 1458 3414 2)
1491 3361 1670 3402 Incolae
1712 3363 1820 3415 pagi
1853 3364 1976 3404 cuius
2011 3368 2143 3418 caput

300 3412 490 3465 Orange.
586 3412 634 3465 3)
669 3415 795 3454 Haec
830 3418 976 3456 omnia
1012 3419 1170 3460 dubiae
1195 3420 1300 3462 fidei
1323 3427 1436 3463 sunt.
1531 3422 1578 3475 4)
1612 3423 1820 3463 Brioude.
1915 3421 1963 3476 5)
1997 3424 2141 3466 Mont-

298 3474 485 3524 pensier,
522 3487 544 3514 e
578 3476 753 3515 sinistra
786 3476 986 3519 Elaveris
1019 3493 1154 3535 prope
1188 3483 1477 3537 Aigueperse,
1510 3483 1623 3524 infra
1659 3483 1896 3525 Clermont.
