2240 3879
537 208 787 249 RICHERI
821 208 1237 250 HISTORIARL'M
1271 208 1452 248 LIBER
1486 210 1545 249 II.
1897 211 1950 247 41

115 341 214 393 aba
252 361 375 410 rege
424 345 619 412 gratias
659 345 776 395 duci
823 345 1100 396 referentes
1139 362 1200 394 ac
1240 362 1333 412 pro
1371 346 1509 412 regis
1549 346 1760 396 creandi
1797 346 1953 398 advo·
1972 361 2052 393 936.

116 411 320 462 catione
368 411 586 464 multam
640 414 750 464 eius
805 415 1091 464 amicitiam
1146 411 1468 480 pollicentes.
1561 414 1721 463 Duxb
1777 416 1952 482 itaque

116 497 236 530 cum
277 478 567 532 Galliarum
605 483 932 551 principibus
970 481 1240 532 dominum
1278 492 1492 548 regemC
1532 486 1818 550 excepturi,
1855 485 1953 536 Bo-

113 549 326 599 noniam
352 551 583 616 veniunt,
623 569 684 602 ac
723 569 872 602 secus
910 552 1053 618 ipsas
1090 549 1300 601 litoreas
1338 568 1522 600 arenas
1550 550 1768 617 collecti,
1806 564 1955 622 tugu-

113 618 311 668 riorum
356 619 596 670 incendio
644 620 962 688 presentiam
1014 621 1200 669 suam<l
1250 620 1311 669 iis
1360 620 1447 688 qui
1495 620 1548 669 in
1597 619 1757 671 altero
1807 620 1954 673 litore

114 695 262 737 erant
320 688 710 740 ostendebante.
786 687 869 738 Ibi
924 688 1062 738 enim
1107 687 1429 739 Adelstanus
1483 707 1579 739 rex
1636 707 1754 740 cum
1809 692 1952 757 regio

114 756 350 823 equitatu
412 766 657 825 nepotem
723 755 1163 825 prestolantibuss
1215 756 1380 808 Gallis
1449 760 1702 809 missurus
1758 759 1951 810 aderat.

115 823 316 876 Ouiusg
353 826 498 876 iussu
536 826 721 877 domus
759 825 958 894 aliquot
995 843 1293 891 succensae,
1333 845 1443 877 sese
1484 826 1773 893 advenisse,
1811 838 1953 879 trans

112 894 298 961 positis
336 894 778 946 demonstrabant.

111 993 160 1042 4.
226 993 423 1061 Hugoh
462 995 531 1044 eti
576 992 766 1063 reliqui
815 992 1143 1044 (13111311111111
1180 994 1446 1062 principes
1483 995 1848 1046 Ludovicumh
1887 997 1952 1048 ab

265 1061 459 1114 exilioh
496 1071 745 1114 revocant
759 1064 781 1096 ¹¹
820 1063 1037 1131 eiusque
1071 1063 1204 1114 fiunt
1245 1062 1367 1135 [et]¹¹
1404 1083 1582 1132 regem
1610 1078 1801 1117 creant.

249 1146 365 1197 Rex
419 1165 544 1215 ergo
597 1146 838 1198 Odonem
894 1147 1201 1216 episcopum
1220 1151 1256 1211 *,
1312 1157 1463 1215 post¹
1520 1147 1954 1199 Canthorbiiccn-

110 1215 281 1266 siumk
330 1215 806 1284 metropolitanum,
866 1214 1032 1266 Gallis
1081 1235 1145 1267 ex
1195 1215 1418 1267 adverso
1468 1218 1668 1285 positis,
1723 1218 1949 1286 legatum

111 1283 304 1353 dirigit,
355 1304 578 1354 magnae
616 1286 896 1354 aequitatis
935 1303 996 1335 ac
1035 1284 1360 1354 eloquentiae
1396 1287 1583 1351 virum,
1624 1287 1952 1338 Ludovicum

110 1372 221 1405 sese
258 1353 479 1406 libenter
521 1355 806 1405 missurum
848 1354 1120 1420 mandans,
1175 1356 1217 1405 si
1255 1364 1398 1406 tanto
1445 1354 1591 1406 illum
1637 1358 1715 1406 1111
1768 1355 1952 1407 Galliis

108 1421 306 1474 honore
349 1434 620 1492 proveant,
664 1432 857 1492 quanto
896 1426 1010 1493 ipse
1049 1442 1080 1473 a
1117 1425 1222 1475 suis
1261 1435 1543 1493 provectus
1582 1434 1673 1490 est,
1713 1444 1831 1476 cum
1880 1425 1952 1476 illi

109 1493 266 1543 etiam
304 1503 455 1543 nonm
493 1494 666 1544 minus
704 1493 760 1544 id
804 1493 978 1544 facere
1027 1492 1253 1559 valeant,
1305 1493 1462 1563 idque
1510 1494 1846 1545 iureiurando
1898 1514 1950 1546 se

107 1560 338 1613 facturos
379 1563 710 1628 confirment,
770 1562 910 1632 quod
950 1564 993 1612 si
1029 1561 1245 1627 nolimu,
1287 1581 1398 1615 sese
1438 1564 1484 1614 ei
1499 1574 1517 1595 ⁰
1557 1563 1798 1614 daturum
1836 1582 1950 1615 suo-

106 1649 223 1680 rum
269 1631 485 1700 aliquod
533 1650 833 1699 regnorum,
893 1650 996 1700 quo
1048 1640 1320 1684 contentus
1371 1642 1422 1683 et
1472 1633 1578 1682 suis
1628 1632 1858 1700 gaudeat
1904 1644 1952 1683 et

107 1698 290 1751 alienis
315 1718 422 1751 non
449 1700 766 1752 sollicitetur.
820 1700 953 1751 Dux
992 1711 1145 1751 0111119
1182 1700 1395 1770 reliquis
1424 1700 1711 1752 Galliarum
1739 1721 1950 1771 magna-

105 1769 244 1820 tibus
293 1769 348 1820 id
399 1788 511 1821 sese
557 1770 813 1821 facturum
863 1772 1062 1835 asserit,
1110 1772 1153 1821 si
1200 1790 1295 1821 rex
1345 1780 1546 1821 creatus
1596 1790 1626 1820 a
1676 1773 1781 1821 suis
1832 1790 1949 1822 con-

106 1837 233 1888 siliis
259 1857 364 1889 non
393 1839 659 1891 *absistat
731 1841 1153 1908 Prosecutusque
1191 1840 1527 1890 iurisiurandi
1566 1854 1948 1892 sacramentum

103 1925 205 1958 non
265 1908 463 1960 abnuit.
545 1908 773 1976 Legatus
822 1910 999 1977 itaque
1030 1909 1253 1974 rediens,
1307 1910 1419 1977 regi
1468 1908 1773 1977 prestolanti
1819 1910 1946 1961 11360

105 1977 280 2027 omnia
316 1977 487 2029 refert.
573 1977 728 2028 Unde
759 1986 810 2029 et
844 1996 1057 2030 securus
1099 1990 1345 2048 nepotem
1384 1996 1499 2028 cum
1551 1979 1614 2028 iis
1666 1980 1754 2047 qui
1805 1979 1946 2048 apud

104 2064 159 2096 se
195 2047 426 2113 potiores
464 2055 611 2097 erant
646 2045 840 2097 multaq
877 2047 1163 2116 insignium
1195 2047 1480 2099 ambitione
1505 2046 1727 2098 navibus
1755 2048 1947 2117 dirigit.

103 2114 353 2184 Velisque
408 2134 535 2166 aura
591 2116 868 2166 commoda
915 2116 1247 2184 turgentibus
1296 2116 1515 2185 pelagus
1565 2117 1801 2185 ingressi,
1854 2137 1948 2186 per

105 2185 338 2253 quietum
388 2184 758 2254 spumantibus
808 2188 968 2236 remis
1019 2186 1086 2236 ad
1134 2195 1327 2237 terram
1375 2186 1626 2238 feruntur.
1699 2188 1743 2237 F
1747 2188 1945 2239 irmatis

101 2271 225 2304 vero
264 2262 412 2321 tergo
451 2272 639 2306 arenae
681 2255 924 2322 navibus,
961 2255 1298 2306 Ludovicusr
1337 2255 1617 2324 egreditur,
1658 2274 1719 2306 ac
1758 2256 1945 2306 ducem

1965 1847 1978 1859 ⁸
1993 1858 2029 1888 p.
2059 1849 2140 1881 588.

104 2340 222 2372 cum
268 2322 481 2392 reliquis
529 2326 956 2376 occurrentibusc
1002 2326 1288 2393 excipiens,
1335 2326 1447 2376 iure
1493 2326 1806 2376 sacramenti
1845 2324 1945 2375 sibi
1981 2366 1987 2371 .

101 2391 398 2460 adcopulat.
472 2393 601 2443 Dux
637 2393 759 2445 inde
805 2392 1124 2460 accelerans,
1174 2404 1397 2463 Sequum
1442 2394 1737 2460 insignibus
1785 2394 1944 2461 regiis

102 2459 414 2512 adornatum
463 2462 694 2512 adducit.
776 2463 945 2527 Quem
997 2481 1116 2513 cum
1166 2464 1405 2514 ascensui
1453 2472 1634 2530 aptare
1672 2461 1840 2528 vellet,
1893 2473 1943 2512 ct

99 2527 185 2580 ille
223 2530 502 2598 impatiens
539 2531 593 2580 in
631 2530 841 2581 diversa
880 2549 992 2582 sese
1030 2530 1246 2596 tolleret,
1295 2531 1595 2582 Ludovicus
1634 2531 1759 2599 agili
1797 2530 1942 2582 exili—

100 2598 241 2649 tione
289 2599 582 2667 prosiliens,
633 2617 766 2668 equo
817 2601 1068 2668 strepenti
1118 2600 1355 2668 neglecta
1404 2600 1588 2667 sta-pha
1638 2601 1940 2668 repentinus

100 2666 306 2719 insedit.
382 2668 540 2732 Quod
578 2669 734 2719 etiam
770 2668 868 2719 fuit
914 2669 1154 2721 omnibus
1193 2679 1401 2736 gratum
1440 2686 1500 2719 ac
1537 2668 1729 2720 multae
1768 2681 1940 2737 gratu-

99 2735 307 2788 lationis
361 2740 684 2806 provocatio.
758 2737 919 2789 Cuius
973 2755 1120 2788 arma
1175 2739 1282 2788 dux
1340 2739 1658 2804 suscipiens,
1714 2739 1942 2804 armiger

100 2805 436 2874 precedebat,
493 2807 659 2858 donec
704 2807 876 2857 iussus
922 2805 1313 2874 magnatibus**
1366 2806 1656 2858 Galliarum
1707 2807 1937 2858 contulit.

222 2940 260 2990 *)
292 2940 487 2992 legatum
523 2941 721 2982 Odonem
756 2941 960 2981 abbatem
998 2943 1038 2981 1.

200 2999 258 3054 ”J
292 3001 526 3042 Heriberto
562 3003 709 3042 comiti
744 3001 888 3050 dedit3
933 3001 1007 3040 ille
1044 3015 1215 3054 quoque
1259 3001 1412 3042 tandiu
1457 3003 1751 3054 armigcravit,
1799 3003 1939 3042 donec

298 3066 341 3101 et
371 3062 466 3114 ipse
494 3064 635 3102 iussus
658 3061 840 3101 Arnulfo
877 3063 1025 3101 comiti
1058 3061 1276 3102 redderet.
1344 3062 1416 3103 Sic
1452 3074 1625 3114 quoque
1660 3063 1938 3114 magnatibus

297 3121 541 3162 Galliarum
574 3121 862 3162 militantibus
897 3135 932 3162 c.
968 3136 1024 3163 m.
1058 3135 1098 3161 a.
1133 3122 1273 3161 Laud.
1310 3123 1351 3162 d.
1386 3135 1424 3164 e.
1465 3126 1502 3162 1.

197 3208 234 3250 a)
261 3212 361 3249 regis
391 3214 422 3244 1.
539 3210 576 3251 b)
599 3212 645 3242 D.
673 3212 698 3244 i.
727 3220 756 3244 c.
789 3211 831 3244 G.
860 3212 897 3242 in
924 3212 996 3242 loco
1026 3220 1118 3243 raso.
1231 3210 1263 3251 c)
1283 3216 1365 3250 post
1392 3213 1472 3245 add.
1584 3211 1620 3252 d)
1651 3211 1764 3243 etiam
1792 3212 1872 3242 add.
1905 3214 1936 3242 1.

100 3255 135 3297 e)
164 3260 385 3291 ostendebat
411 3270 438 3292 c.
540 3258 571 3300 f)
599 3269 634 3299 p.
666 3259 709 3292 G.
736 3264 815 3299 post
842 3260 924 3290 add.
1025 3259 1061 3299 g)
1091 3260 1203 3290 etiam
1231 3260 1312 3292 add.
1344 3263 1376 3293 1.
1479 3259 1517 3299 h)
1546 3261 1618 3299 Hu,
1648 3261 1731 3299 Gal,
1760 3260 1799 3297 L,
1829 3260 1874 3290 ab
1905 3270 1936 3297 e,

100 3314 154 3346 03,
195 3310 231 3337 et
269 3307 360 3339 absc.
475 3307 502 3348 i)
544 3317 591 3340 ex
629 3309 785 3346 reliquis
825 3331 833 3341 .
863 3331 870 3339 .
901 3333 908 3340 .
950 3308 1185 3347 principibus
1228 3311 1262 3340 1.
1404 3308 1443 3348 k)
1486 3308 1863 3340 Canthorbricensem
1905 3310 1937 3339 1.

98 3352 126 3393 1)
154 3354 195 3385 in
223 3354 265 3387 G.
298 3360 380 3394 post
407 3357 488 3387 add.
590 3355 643 3398 m)
671 3357 836 3396 amplius
864 3356 901 3386 id
930 3358 961 3387 1.
1063 3355 1102 3395 n)
1132 3356 1265 3387 nolunt
1293 3358 1325 3387 1.
1429 3356 1464 3397 o)
1494 3358 1551 3388 illi
1580 3361 1610 3390 1.
1711 3355 1749 3395 p)
1780 3365 1822 3386 ac
1850 3356 1937 3386 reli·

100 3402 164 3439 qui
191 3401 235 3434 G.
262 3408 459 3442 magnates
487 3407 520 3436 1.
622 3404 659 3445 q)
689 3405 881 3435 navalium
909 3404 972 3436 del.
1080 3402 1112 3444 r)
1141 3413 1206 3435 rex
1233 3407 1265 3436 1.
1365 3404 1395 3445 s)
1426 3406 1571 3444 regium
1599 3405 1666 3438 del.

222 3482 266 3533 1)
299 3482 352 3521 A.
389 3482 489 3522 942.
524 3483 882 3536 archiepiscopus
918 3482 1180 3523 Cantuariae
1215 3483 1357 3525 faetus
1393 3489 1472 3525 est.
