2240 3879
518 192 771 234 RICHERI
802 191 1219 235 HISTORIARUM
1250 194 1432 235 LIBER
1466 196 1524 236 ΙΙ.
1897 199 1948 238 ’71

118 335 365 385 interesse
392 331 651 400 exigebat,
690 331 987 399 diriguntur
1010 330 1169 397 legati
1190 341 1222 394 ¹,
1262 348 1357 399 per
1384 350 1514 400 quos
1547 334 1629 383 eia
1667 337 1950 387 necessitas
1969 348 2050 380 94⁷-

119 403 501 453 demonstratur
553 417 615 450 30
672 399 990 469 colloquium
1045 406 1266 450 exeunte
1323 418 1501 451 mense
1550 402 1794 470 Augusto
1851 403 1951 455 sibi

117 470 415 522 habendum
454 487 602 522 secus
640 468 857 520 fluvium
893 468 1090 518 Karam
1128 467 1477 522 denuntiatur.

255 541 356 592 *64
416 538 551 591 Cum
576 539 705 590 haec
745 540 819 589 510
857 555 968 588 5050
1005 533 1272 602 haberent,
1314 536 1424 588 dux
1460 547 1705 606 nepotem
1745 541 1810 592 ab
1838 558 2029 609 pre-⁸9.
2059 560 2141 592 602.

117 607 290 660 sulatu
323 607 532 677 pulsum
572 606 794 659 dolebat.
845 603 1113 657 Suadebat
1149 606 1340 675 itaque,
1381 615 1438 658 111
1465 609 1637 659 officio
1663 610 1950 676 pontificali

116 676 338 746 amplius
376 678 657 742 insisteret,
696 684 746 727 et
780 693 844 726 ne
882 675 1114 742 privatus
1152 676 1360 744 penitus
1389 676 1642 743 dignitate
1667 677 1946 745 videretur,

117 746 317 816 aliquas
365 746 432 797 ad
476 745 670 815 gradus
716 750 1048 812 promoveret
1101 762 1369 812 personas.
1460 745 1772 798 Tetbaldum
1825 765 1948 816 ergo

117 816 463 868 Suessonicae
518 812 795 866 aecclesiae
851 811 1132 862 diaconum
1187 815 1442 865 accersitb
1498 815 1950 885 presbiterumque

117 885 321 936 ordinat
357 902 418 935 30
462 892 582 953 post
626 882 757 933 (11100
804 889 991 950 agente
1037 880 1320 935 aecclesiae
1359 884 1796 936 Ambianensium
1842 886 1948 954 epi-

115 972 330 1023 scopum
382 961 567 1004 sacrat.
651 951 713 1001 In
759 967 861 1019 qua
905 968 960 1001 re
1009 949 1181 1002 favere
1228 953 1371 1004 visus
1421 961 1497 1004 est
1536 954 1695 1005 Wido
1746 963 1950 1005 tantum

118 1023 430 1074 Suessorum
468 1022 762 1089 episcopus.
837 1019 1043 1083 *Quem
1083 1022 1206 1088 quia
1247 1030 1366 1089 post
1402 1024 1638 1090 penituit,
1679 1025 2064 1092 sequentia'fol·
2091 1034 2167 1067 25‘·

115 1091 559 1143 demonstrabunt.
617 1088 722 1141 Sed
758 1095 964 1156 tempus
1004 1087 1335 1158 colloquendi
1373 1091 1585 1159 regibus
1625 1093 1852 1158 advenit,
1887 1110 1948 1144 ac

115 1178 262 1212 secus
299 1159 514 1211 fluvium
551 1158 750 1209 Karam
802 1157 901 1209 sibi
949 1167 1244 1210 occurrunt.
1326 1160 1437 1212 Nec
1483 1160 1647 1212 defuit
1686 1161 1811 1227 dux,
1862 1163 1951 1230 qui

113 1239 164 1281 et
188 1230 299 1299 ipse
325 1228 466 1297 apud
491 1227 887 1279 Duodeciaeum
907 1236 924 1262 2
962 1228 1138 1278 vicum
1177 1237 1348 1280 castra
1385 1229 1516 1295 fixit,
1555 1240 1611 1281 ut
1636 1248 1730 1298 pro
1758 1239 1951 1299 nepote

112 1316 323 1349 causam
360 1297 500 1366 apud
537 1297 814 1366 episcopos
852 1305 1046 1366 ageret.

208 1398 289 1449 65.
345 1397 507 1447 Duxc
546 1396 772 1462 enititur,
812 1403 902 1446 ute
942 1406 1130 1447 causaC
1166 1414 1261 1465 pro
1300 1415 1393 1448 suo
1432 1406 1654 1467 nepoteC
1693 1398 1835 1466 apud

734 1465 1045 1534 episcoposc
1089 1467 1324 1532 agaturd.

248 1542 484 1611 Regibus
533 1542 710 1610 itaque
758 1560 933 1592 rerum
982 1544 1192 1611 negotia
1243 1543 1534 1611 agentibus,
1589 1542 1698 1593 dux
1737 1559 1952 1594 causam

112 1612 317 1679 nepotis
367 1611 628 1680 episcopis
680 1610 1039 1680 disponebat3,
1089 1629 1249 1679 penes
1298 1630 1426 1680 quos
1477 1613 1633 1663 etiam
1671 1610 1953 1680 plurimam

113 1681 369 1733 habebate
407 1680 836 1748 indignationem,
886 1681 1076 1731 iniuste
1116 1690 1165 1732 et
1209 1679 1363 1731 nullis
1415 1679 1746 1733 evidentibus
1785 1679 1953 1749 culpis

113 1749 387 1819 nepotemf
440 1749 811 1818 precipitatum
872 1767 1184 1801 memorans.
1278 1750 1435 1815 Quod
1490 1769 1609 1801 cum
1664 1749 1954 1801 indicatum

112 1819 327 1888 regibus
367 1825 517 1883 esset,
557 1818 748 1870 Ottone
786 1826 973 1887 agente
1013 1818 1276 1871 decretum
1315 1828 1406 1885 est,
1446 1828 1503 1870 ut
1538 1819 1613 1870 ibi
1652 1819 1717 1871 ab
1757 1820 1954 1887 episco-

115 1889 197 1957 pis
242 1906 399 1939 031153
435 1886 639 1939 Artoldi
687 1896 842 1956 atque
880 1887 1123 1954 Hugonis
1162 1887 1524 1953 discuteretur,
1576 1890 1648 1940 ita
1685 1896 1861 1939 tamen
1898 1896 1956 1939 ut

115 1966 168 2009 et
204 1956 313 2008 dux
345 1965 579 2025 tempore
618 1974 848 2025 congruo
886 1958 1000 2024 regi
1037 1958 1373 2009 satisfaceret.
1455 1957 1738 2025 Episcopis
1777 1958 1954 2026 itaque

114 2027 369 2078 rationem
407 2025 793 2094 excipientibus
807 2036 843 2089 g,
897 2043 1017 2075 cum
1054 2027 1188 2077 inter
1235 2026 1462 2095 plurima
1502 2044 1638 2094 quae
1676 2026 1749 2078 ibi
1787 2025 1951 2095 expli-

115 2103 233 2147 cata
270 2103 387 2146 sunt
422 2094 550 2146 illud
587 2095 1006 2146 constantissime
1046 2096 1346 2161 refutarent,
1399 2097 1540 2164 quod
1578 2095 1737 2164 Hugo
1787 2113 1954 2147 sacer-

114 2165 257 2216 dotio
285 2165 520 2233 privatus
555 2172 733 2215 contra
758 2164 836 2215 fas
857 2164 1294 2216 Ambianensimn
1317 2165 1626 2235 episcopum
1648 2164 1955 2231 ordinasset,

114 2252 299 2302 regum
338 2235 592 2285 sententia
628 2235 682 2284 in
718 2233 873 2284 aliam
913 2234 1157 2285 sinodum
1188 2233 1488 2285 huiusmodi
1514 2235 1769 2286 rationem
1794 2244 1956 2285 trans-

113 2302 381 2354 ferendam
418 2303 699 2354 constituit.
773 2303 1066 2355 Videbatur
1105 2305 1310 2370 etenim,
1355 2304 1496 2371 quod
1533 2322 1638 2355 non
1677 2304 1744 2354 ad
1781 2304 1987 2372 aequi-¹

115 2379 276 2424 tatem
337 2373 461 2424 satis
523 2372 794 2424 commode
854 2372 985 2424 11300
1043 2372 1308 2424 altercatio
1359 2374 1696 2425 determinari
1744 2371 1955 2438 valeret,

118 2458 238 2490 cum
284 2458 381 2491 nec
430 2441 642 2492 sinodus
687 2441 752 2491 ad
803 2440 899 2492 hoc
949 2450 1235 2492 convocata
1280 2441 1509 2493 fuisseth.
1601 2442 1672 2492 Et
1717 2441 1958 2492 decreto4

116 2510 261 2577 regio
306 2511 382 2560 15.
420 2509 540 2560 Kal.
577 2509 832 2561 Decemb.
870 2509 1111 2562 habenda
1156 2511 1505 2562 denuntiatur.
1577 2511 1793 2562 Interim
1831 2526 1955 2560 vero

117 2578 266 2630 sedes
303 2578 576 2629 Remensis
612 2577 830 2630 Artoldo
880 2579 1196 2645 conceditur,
1245 2579 1460 2648 Hugoni
1508 2598 1633 2631 vero
1682 2580 1737 2629 in
1784 2587 1955 2630 castro

117 2646 437 2699 Mosomensi
488 2649 800 2698 commorari
849 2649 1178 2716 permittitur.
1263 2649 1377 2698 Pax
1427 2665 1632 2717 quoque
1688 2656 1958 2717 sequestra

118 2715 349 2769 Ottonisi
388 2716 684 2768 interventu
719 2717 831 2785 regi
866 2734 928 2767 30
969 2717 1088 2768 (11101
1125 2716 1190 2768 ab
1228 2716 1472 2769 alterutro
1518 2717 1672 2768 datur
1710 2726 1760 2769 et
1791 2735 1957 2787 usque

114 2785 186 2837 ad
220 2794 428 2855 tempus
465 2785 738 2838 habendae
777 2786 948 2836 sinodi
985 2794 1310 2838 sacramento
1348 2786 1600 2838 firmatur.

568 2885 652 2936 66.
708 2884 971 2936 Sinodusk
1011 2885 1271 2936 Virdunik
1310 2884 1505 2936 habita.

257 2955 490 3024 Tempus
534 2954 760 3019 advenit,
809 2953 1126 3023 sinodusque
1175 2955 1353 3023 episco
1396 2973 1545 3006 orum
1590 2955 1816 3006 Virduni
1855 2953 1956 3006 001-

117 3021 251 3074 10013
306 3033 385 3076 051
437 3032 594 3094 atque
643 3023 837 3090 habita,
888 3024 1206 3093 presidentel
1256 3024 1359 3076 Rot
1399 3032 1507 3076 erto
1555 3023 1956 3094 metropolita-no

217 3127 253 3168 a)
281 3128 411 3161 Ottoni
440 3130 473 3162 1.
572 3126 610 3168 b)
640 3129 865 3161 accersitum
891 3128 1143 3167 presbiterum
1172 3137 1206 3160 0.
1237 3130 1269 3159 1.
1359 3128 1391 3169 0)
1421 3130 1494 3170 Du,
1523 3133 1576 3170 ut,
1606 3139 1636 3169 c,
1667 3138 1752 3168 nep,
1781 3129 1959 3168 episcopo

118 3175 210 3208 absc.
335 3176 373 3219 d)
408 3176 462 3219 (in
488 3174 638 3217 s)in0do
665 3177 746 3208 add.
779 3178 808 3209 1.
934 3175 969 3216 e)
1011 3177 1186 3208 movebat
1213 3177 1407 3216 querelam
1436 3179 1482 3210 ab
1512 3179 1600 3210 sede
1629 3177 1838 3217 pontificali
1866 3177 1893 3209 i.
1925 3179 1955 3208 1.

119 3222 149 3264 f)
174 3229 254 3264 post
280 3226 360 3256 add.
476 3224 512 3265 g)
543 3225 831 3257 discutientibus
860 3226 893 3257 1.
1006 3224 1044 3265 h)
1074 3232 1093 3256 e
1120 3233 1212 3257 corr.
1321 3226 1348 3266 i)
1391 3226 1528 3258 Ottone
1556 3228 1834 3258 intercurrente
1862 3226 1962 3256 inter

120 3281 249 3363 &gem
275 3282 318 3305 ac
345 3275 479 3306 ducem
505 3278 740 3306 sacramento
767 3273 938 3305 firmatur
967 3274 998 3305 1.
1075 3272 1115 3314 k)
1145 3274 1232 3314 nod,
1259 3274 1299 3306 ni
1326 3275 1350 3306 h
1376 3274 1467 3306 absc.
1516 3273 1682 3317 (Al)tera
1708 3278 1790 3305 ante
1808 3273 1961 3306 sindel.

178 3323 329 3362 preside
358 3325 390 3354 1.

246 3399 291 3453 1)
324 3403 393 3443 Ita
424 3403 651 3444 Richerus.
777 3402 822 3454 2)
857 3403 1027 3455 Douzy.
1128 3400 1177 3455 3)
1210 3403 1336 3443 Haec
1369 3404 1595 3451 Richerus,
1630 3403 1703 3455 qui
1739 3399 1964 3456 complura

120 3459 298 3504 adiecit.
421 3460 470 3516 4)
503 3463 669 3506 decreto
702 3462 815 3518 regio
852 3464 1081 3504 Richerus.
