2240 3879
515 227 766 268 RICHERI
799 227 1216 269 HISTORIARUM
1248 227 1431 268 LIBER
1462 228 1550 268 ΙΙΙ.
1918 231 1976 269 97

133 367 391 420 bonorum
455 364 650 417 utilitas
718 373 799 417 eta
853 382 1026 416 rerum
1085 362 1329 415 honestas
1385 372 1734 432 comparatur.
1829 365 1977 418 Sicut
1993 381 2078 413 972.

136 441 346 488 econtra
381 435 751 504 pernitiosum,
800 436 844 484 si
883 433 1032 502 pravi
1080 431 1360 497 confluant,
1412 441 1469 483 ut
1506 432 1684 484 illicita
1723 443 1976 502 quaerant

135 514 185 557 et
233 502 496 573 expleant.
582 503 736 554 Unde
788 511 837 553 et
872 520 981 566 VOS,
1023 519 1153 569 quos
1203 502 1257 551 in
1304 501 1410 553 Dei
1464 503 1674 553 nomine
1731 502 1973 555 collectos

132 574 373 637 arbitror,
416 574 616 643 optima
653 589 902 641 quaerere
939 571 1116 621 hortor
1151 579 1309 639 atque
1347 589 1415 622 ex
1451 569 1803 623 malivolentia
1844 572 1976 623 nihil

131 641 303 693 moliri
348 660 550 693 moneo.
622 641 788 691 Amor
835 638 1082 691 secularis
1133 649 1183 691 et
1232 639 1413 690 odium
1461 640 1605 708 apud
1653 657 1748 690 vos
1797 640 1973 691 locum

130 710 334 762 nullum
371 710 612 775 habeant,
652 709 875 779 quibusb
913 717 1189 760 enervatur
1225 709 1438 774 iustitia,
1477 709 1715 778 aequitas
1753 709 1972 761 suffoca-

131 791 229 833 tur.
288 781 462 832 Vestri
500 780 693 832 ordinis
729 778 945 847 antiqua
980 776 1162 845 religio
1206 776 1272 828 ab
1312 779 1636 847 antiquitatis
1686 779 1973 844 honestate,

132 858 192 901 ut
225 849 366 901 fama
403 858 494 915 est,
533 867 693 917 supra
729 847 946 897 modum
983 848 1262 898 aberravit.
1335 847 1618 898 Dissidetis
1663 848 1805 898 enim
1842 848 1975 900 inter

129 937 224 970 vos
268 920 323 969 in
369 920 485 988 ipsa
521 916 774 985 regularis
813 915 1010 967 ordinis
1049 915 1439 982 consuetudine,
1487 934 1606 967 cum
1644 915 1793 970 aliter
1828 916 1972 982 alter,

129 987 261 1040 alter
295 987 442 1039 aliter
477 986 602 1038 velit
637 1003 697 1036 ac
735 986 936 1037 sentiat.
1007 985 1344 1054 Quapropter
1382 994 1432 1037 et
1468 987 1731 1037 sanctitati
1767 995 1974 1038 vestrae

130 1056 380 1108 hactenus
427 1057 648 1106 multum
697 1054 1004 1124 derogatum
1053 1065 1145 1106 est.
1232 1054 1385 1107 Unde
1432 1063 1482 1106 et
1529 1055 1654 1107 utile
1706 1054 1862 1121 duxi,
1918 1063 1974 1107 ut

129 1124 281 1177 vobis
319 1125 403 1176 hic
438 1126 608 1192 gratia
643 1124 747 1175 Dei
785 1125 838 1174 in
875 1142 1038 1174 unum
1077 1123 1308 1175 collectis
1346 1124 1598 1174 suadeam
1634 1124 1775 1175 idem
1823 1123 1972 1189 velle,

128 1194 270 1246 idem
316 1196 530 1255 sentire,
582 1194 725 1245 idem
775 1195 1061 1262 cooperari,
1111 1202 1171 1244 ut
1218 1192 1402 1244 eadem
1450 1192 1741 1258 voluntate,
1789 1193 1974 1244 eodem

128 1282 311 1329 sensu,
366 1263 550 1314 eadem
597 1263 963 1332 cooperatione
1013 1271 1064 1314 et
1109 1264 1275 1313 virtus
1324 1261 1565 1330 neglecta
1609 1270 1877 1332 repetatur
1926 1271 1976 1314 et

126 1333 401 1402 pravitatis
439 1332 668 1384 dedecus
705 1331 1162 1383 vehementissime
1200 1330 1570 1401 propulsetur’.

250 1432 330 1483 34.
403 1432 730 1501 ResponsioC
766 1431 1035 1499 primatisc
1073 1439 1124 1484 et
1159 1432 1215 1481 in
1250 1442 1478 1500 pravose
1515 1431 1807 1500 indignatio
1825 1441 1859 1482 0.

264 1515 352 1566 Ad
376 1515 505 1567 haec
530 1514 783 1567 abbatum
808 1516 1028 1585 primas:
1068 1514 1242 1580 ‘Quod
1267 1515 1382 1580 hic',
1407 1516 1579 1584 inquit
1594 1517 1631 1581 d,
1673 1521 1743 1566 *‘a
1776 1524 1828 1568 te
1855 1533 1973 1584 pro·
1994 1524 2007 1538 ·
2024 1527 2088 1560 fol·
2119 1526 2191 1561 34⁴-

127 1584 423 1652 mulgatum
469 1593 567 1650 est,
618 1593 768 1654 pater
813 1586 1156 1650 sanctissime,
1208 1584 1312 1635 alta
1349 1586 1603 1635 memoria
1640 1584 1974 1636 condendum

128 1661 230 1719 est,
279 1672 339 1705 eo
378 1654 519 1723 quod
555 1662 606 1705 et
643 1672 925 1723 corporum
973 1653 1281 1722 dignitatem
1326 1662 1377 1704 et
1413 1655 1706 1704 animarum
1753 1653 1975 1705 salutem

126 1723 356 1774 affectes.
439 1722 658 1775 Constat
702 1723 842 1775 enim
857 1732 892 1789 ³,
931 1723 999 1774 ad
1047 1722 1283 1774 habitum
1317 1724 1524 1774 virtutis
1561 1724 1824 1775 neminem
1859 1741 1974 1792 per-

127 1793 350 1859 venisse,
395 1793 496 1843 nisi
545 1810 700 1862 quem
747 1791 862 1844 talis
906 1793 1112 1843 animus
1158 1792 1397 1858 munivit,
1447 1810 1550 1861 quo
1590 1801 1642 1843 et
1678 1791 1976 1861 appetenda

127 1870 329 1930 peteret
382 1870 433 1912 et
485 1861 701 1913 vitanda
753 1860 1023 1913 refelleret.
1096 1861 1251 1913 Unde
1307 1870 1357 1913 et
1410 1870 1570 1931 patet,
1626 1879 1721 1912 nos
1776 1861 1977 1930 aliquid

131 1930 404 1982 dedecoris
443 1931 783 1996 contraxisse,
823 1931 965 1998 quod
1002 1931 1068 1982 ab
1102 1931 1414 1999 appetendis
1441 1929 1744 1999 aliquantoe
1770 1930 1975 1982 aberra-

127 2001 320 2052 vimus.
374 1999 532 2064 Quod
557 2001 714 2051 etiam
750 2000 914 2051 multa
952 1999 1314 2068 obiurgatione
1350 1999 1844 2069 reprehendendum
1882 2009 1976 2066 est,

131 2086 255 2120 cum
288 2087 387 2121 nec
422 2069 636 2137 ignavia
671 2087 767 2120 nos
803 2069 1212 2139 precipitaverit,
1259 2087 1358 2121 nec
1395 2069 1576 2138 inopia
1612 2069 1680 2120 ad
1716 2068 1772 2120 id
1808 2071 1976 2138 impu-

128 2136 278 2190 lerit'.

352 2237 435 2289 35.
507 2238 674 2289 Itemf
705 2237 1020 2307 indignatiof
1055 2237 1325 2307 primatisf
1360 2239 1437 2310 (in
1472 2239 1692 2289 vitiosos
1710 2238 1762 2307 f).

271 2321 439 2386 ‘Quae
476 2323 616 2373 enim
651 2323 731 2373 vis
767 2321 992 2391 impulit,
1031 2330 1088 2373 ut
1126 2321 1414 2372 monachus
1451 2322 1588 2372 intra
1613 2320 1844 2372 claustra
1871 2339 1998 2371 mov

130 2391 345 2441 nasterii
382 2391 659 2442 dominicis
710 2392 934 2443 servitiis
984 2390 1368 2459 mancipandus
1418 2399 1745 2458 compatrem
1788 2389 1979 2441 habeat

132 2467 185 2510 et
220 2467 490 2528 compater
526 2460 770 2511 dicatur?
829 2460 901 2511 Et
938 2462 966 2511 ό
1006 2469 1259 2528 quantum
1283 2468 1463 2510 nostro
1493 2459 1661 2510 ordini
1688 2459 1977 2523 dissentiat,

133 2527 476 2579 considerate.
540 2529 611 2594 Si,
649 2529 882 2597 inquam,
923 2537 1190 2596 compater
1227 2537 1319 2593 est,
1356 2537 1415 2579 ut
1440 2546 1470 2579 a
1494 2527 1764 2579 verisimili
1791 2528 1978 2595 proba-

131 2594 237 2648 bile
275 2597 501 2661 efferam,
541 2615 661 2648 cum
697 2616 758 2648 eo
799 2599 889 2666 qui
926 2606 1076 2667 pater
1113 2606 1191 2649 est
1226 2598 1339 2666 ipse
1366 2606 1444 2649 est
1468 2606 1519 2649 et
1544 2606 1707 2667 pater.
1770 2597 1830 2649 Si
1853 2614 1978 2648 vero

130 2673 284 2735 pater
329 2675 430 2732 est,
476 2665 643 2717 filium
691 2665 773 2718 vel
817 2666 978 2718 filiam
1025 2665 1217 2718 habere
1254 2666 1474 2718 dubium
1509 2684 1615 2717 non
1653 2674 1745 2718 cst.
1819 2665 1976 2717 Unde

133 2743 187 2786 et
222 2744 480 2786 scortator
515 2737 690 2805 potius
729 2755 889 2805 quam
925 2735 1215 2787 monachus
1253 2735 1508 2788 dicendus
1547 2745 1638 2787 est.
1704 2733 1810 2787 Sed
1848 2733 1978 2804 quid

133 2802 201 2855 de
238 2805 562 2857 commatre?
634 2805 780 2870 Quid
823 2806 879 2855 in
914 2805 1014 2856 hoc
1058 2805 1268 2856 nomine
1305 2824 1337 2856 a
1382 2804 1706 2856 secularibus
1757 2822 1978 2873 perpen-

133 2872 276 2924 ditur
329 2874 432 2925 nisi
490 2875 835 2943 turpitudini-g
884 2873 1270 2925 consentanea?
1347 2874 1467 2926 Hoc
1523 2873 1647 2925 licet
1693 2873 1977 2925 verisimile

133 2941 332 3009 dicenS,
382 2942 707 2995 secularibus
754 2962 862 2996 non
908 2943 1197 3012 preiudico,
1247 2943 1340 2994 sed
1376 2952 1554 2995 nostro
1594 2943 1764 2994 ordini
1799 2941 1981 2994 illicita

135 3012 477 3081 reprehendo,
552 3013 709 3078 Quod
759 3014 883 3082 quia
929 3014 1164 3082 ineptum
1205 3012 1430 3078 videtur,
1467 3021 1643 3065 vestra
1677 3012 1978 3063 intermina-

135 3080 276 3133 tione
323 3080 670 3134 inhibendum
714 3085 822 3134 est’.
894 3081 992 3133 His
1027 3083 1356 3134 venerandus
1391 3081 1822 3151 metropolitanus
1860 3080 1979 3132 sub-

135 3148 382 3217 iungens:
429 3150 534 3217 ‘Si',
584 3153 769 3221 inquit,
816 3150 1004 3220 ‘placet
1052 3151 1253 3216 sinodO,
1302 3151 1672 3204 interdicetur’.
1748 3149 1976 3202 Sinodus

138 3216 299 3270 dixit:
326 3220 721 3272 ‘Interdicatur'.
770 3219 1163 3290 Metropolitani
1185 3221 1363 3289 itaque
1388 3220 1713 3284 auctoritate,
1742 3218 1978 3270 omnium

124 3303 398 3340 consensu
431 3289 713 3342 inhibitum
750 3299 842 3342 est.

238 3420 274 3463 a)
297 3427 379 3463 post
395 3425 476 3457 add.
578 3424 619 3467 b)
647 3434 806 3465 quorum
833 3425 953 3456 altero
982 3425 1012 3455 1.
1115 3422 1150 3465 c)
1185 3432 1294 3465 ponz,
1321 3425 1406 3465 atis,
1431 3432 1510 3463 vos,
1539 3423 1616 3455 atio
1642 3422 1734 3458 absc,
1834 3420 1872 3462 d)
1895 3424 1980 3462 post

140 3468 300 3502 additum
324 3473 473 3506 videtur.
635 3473 671 3515 e)
710 3475 748 3506 in
764 3475 837 3505 loco
865 3483 949 3505 raso
967 3473 1000 3507 2.
1151 3471 1182 3513 f)
1220 3473 1249 3514 1,
1276 3472 1352 3510 ind,
1380 3473 1515 3512 prima,
1544 3481 1585 3503 os
1613 3471 1730 3509 ὠρας
1779 3471 1819 3502 in
1845 3471 1883 3502 vi
1910 3470 1976 3500 del.

141 3513 182 3557 g)
207 3520 451 3559 turpitudinis
480 3523 512 3555 1.
