2240 3879
269 236 356 274 124
674 233 932 275 RICHERI
963 233 1383 276 HISTORIARUM
1414 233 1600 275 LIBER
1632 236 1722 276 ΙΙΙ.

165 386 248 420 984.
267 373 410 424 cives
449 389 570 422 cum
605 370 845 423 viderent
889 371 1031 423 nulla
1068 390 1099 422 a
1147 372 1254 422 suis
1303 373 1631 423 extrinsecus
1678 372 1927 441 suffragia
1971 373 2125 440 mitti,

264 460 363 493 nec
400 442 538 509 iugis
575 440 728 510 prelii
764 441 974 511 pondus
1012 460 1065 493 se
1103 441 1324 493 tolerare
1374 450 1581 510 possea,
1629 441 1844 493 consilio
1882 443 2012 493 inito
2049 443 2126 493 in-

266 511 520 580 dempnes
558 519 609 562 et
643 512 828 563 intacti
862 511 1101 563 hostibus
1149 529 1371 562 cessere.
1438 510 1642 563 Urbem
1687 512 2036 580 aperuerunth
2075 520 2127 564 et

266 599 378 632 sese
415 581 666 632 Lothario
703 582 832 632 victi
870 579 1184 632 obtulerunt.
1260 581 1424 651 (102.)
1501 580 1708 645 Quibus
1746 583 1990 650 peractis,
2029 599 2127 633 rex

265 649 333 701 ad
370 650 557 702 urbem
594 651 845 702 tuendam
882 652 1118 719 reginam
1146 651 1394 701 Emmam
1418 651 1473 700 in
1499 668 1561 702 ea
1584 649 1808 720 reliquit.
1853 652 1976 720 Ipse
2003 669 2127 702 cum

265 722 504 772 exercitu
528 719 846 770 Laudunum
883 721 1054 785 rediit,
1095 739 1216 771 suos
1254 720 1410 771 etiam
1449 719 1517 770 ad
1556 739 1651 771 sua
1674 720 1845 772 redire
1870 721 2126 789 permisit.
2173 725 2176 727 ’

266 791 467 841 Tantae
506 789 895 841 benivolentiae
933 789 1113 841 favore
1140 789 1284 859 apud
1312 808 1398 841 eos
1426 808 1568 854 usus,
1607 798 1667 841 ut
1688 791 1913 859 repetito
1939 789 2126 842 itinere

267 878 322 911 se
370 858 588 910 ulterius
638 860 818 924 ituros,
858 860 901 910 si
938 859 1157 926 iuberet,
1195 858 1588 929 pollicerentur3
1642 866 1691 911 et
1734 858 1990 928 neglectis
2027 877 2126 928 pro

263 937 502 997 tempore
542 928 789 980 domibus
828 936 878 980 et
912 929 1063 993 natis,
1105 947 1225 980 cum
1260 929 1409 981 hoste
1445 930 1738 980 comminus
1765 929 2126 980 dimicaturos.

262 998 546 1050 Lotharius
584 999 783 1050 interea
820 998 965 1067 apud
1004 1017 1126 1049 suos
1167 998 1506 1065 deliberabat,
1554 1008 1731 1051 utrum
1767 999 1942 1068 potius
1977 998 2128 1062 foret,

265 1087 379 1120 sese
417 1066 635 1119 ulterius
673 1068 750 1120 ire
797 1069 1064 1138 armisque
1114 1076 1196 1120 etc
1240 1069 1475 1121 viribusC
1512 1077 1676 1121 totam
1714 1067 1985 1137 Belgicam
2024 1068 2127 1121 sibi

265 1137 569 1207 subiugare,
609 1156 677 1188 an
712 1138 992 1190 residendo
1017 1138 1261 1204 Virduni,
1300 1158 1397 1208 per
1421 1138 1622 1208 legatos
1649 1137 1844 1190 habitis
1871 1138 2128 1189 suasioni-

261 1208 376 1274 bus,
427 1225 600 1260 mores
647 1208 878 1260 hostium
925 1208 992 1259 ad
1029 1227 1183 1259 suum
1222 1211 1456 1260 animum
1494 1209 1792 1261 informa-re.
1880 1207 1937 1260 Si
1985 1209 2127 1259 enim

263 1296 354 1329 eos
408 1277 544 1329 ferro
594 1279 843 1343 vinceret,
900 1297 1020 1329 cum
1074 1278 1130 1329 id
1181 1280 1291 1330 sine
1341 1278 1503 1331 multo
1553 1280 1808 1348 sanguine
1856 1278 1971 1329 fieri
2018 1296 2128 1329 non

262 1356 456 1416 posset,
497 1346 766 1416 cogita-bat
802 1350 857 1398 in
893 1357 1165 1418 posterum
1201 1349 1374 1399 minus
1415 1349 1487 1400 eis
1515 1348 1852 1410 credendum,
1891 1365 1951 1399 eo
1983 1347 2126 1417 quod

263 1418 555 1468 amicorum
608 1416 783 1469 labem
829 1419 902 1470 eis
948 1416 1199 1469 intulerit.
1287 1417 1346 1470 Si
1391 1436 1516 1470 vero
1562 1438 1657 1488 per
1712 1416 2125 1470 benivolentiam

260 1505 563 1538 reversuros
612 1496 933 1555 expectaret,
983 1487 1278 1539 cavendum
1324 1488 1563 1557 putabat,
1612 1507 1678 1540 ne
1728 1488 1782 1538 in
1830 1495 1977 1538 tanto
2017 1488 2124 1538 otio

258 1556 435 1608 hostes
472 1555 835 1609 insolentiores
870 1557 1230 1608 redderentur.

683 1686 794 1738 103.
858 1687 1120 1738 Virdunid
1157 1688 1398 1739 invasiod
1441 1706 1472 1738 a
1508 1687 1705 1757 Belgis.

150 1790 249 1823 985?
402 1772 548 1823 Dum
586 1771 717 1823 haec
754 1771 919 1823 multa
957 1772 1340 1825 consultatione
1376 1772 1667 1840 ventilaret,
1713 1772 1961 1841 Belgicae
2012 1773 2126 1825 dux

264 1841 588 1893 Teodericus
642 1861 850 1893 necnon
897 1850 948 1894 et
992 1843 1074 1893 Vir
1122 1843 1315 1894 nobilis
1373 1862 1434 1894 ac
1493 1852 1734 1895 strenuus
1786 1842 2124 1909 Godefridus,

267 1911 563 1979 Sigefridus
605 1922 851 1981 quoqueC
889 1913 971 1962 vir
1018 1912 1250 1978 illustris,
1297 1913 1474 1964 Bardo
1514 1914 1671 1964 etiam
1711 1922 1762 1965 et
1801 1912 1987 1964 Gozilo
2023 1912 2124 1964 fm-
2169 1958 2172 1959 γ

264 1989 368 2031 tres
420 1980 696 2032 clarissimi
745 1990 794 2033 et
838 1983 1246 2033 nominatissimi
1310 1982 1503 2052 aliique
1560 1984 1829 2053 principes
1886 1982 2126 2034 nonnulli

265 2048 487 2101 latenter
532 2058 889 2120 pertemptant
928 2053 1226 2102 Virdunum
1263 2053 1554 2121 irrumpere
1593 2071 1816 2123 eamque
1855 2072 1886 2104 a
1924 2052 2123 2104 Gallise

266 2138 543 2171 evacuare.
618 2121 662 2171 F
665 2123 902 2190 actisque
940 2122 1163 2187 insidiis,
1201 2123 1590 2190 negotiatorum
1628 2122 1932 2187 claustrum,
1970 2141 2121 2174 muro

264 2190 429 2240 instar
467 2190 648 2259 oppidi
701 2200 1017 2257 extructum,
1069 2192 1134 2243 ab
1173 2191 1302 2243 urbe
1343 2191 1556 2261 quidem
1594 2193 1747 2243 Mosa
1789 2191 2123 2245 interfluente

266 2260 579 2317 seiunctum,
618 2260 708 2312 sed
735 2261 984 2330 pontibus
1025 2261 1232 2312 duobus
1258 2263 1571 2313 interstratis
1605 2263 1653 2313 ei
1678 2280 1961 2328 annexum,
2001 2281 2122 2314 cum

266 2328 444 2380 electis
493 2330 718 2381 militum
758 2331 922 2399 copiis
972 2332 1197 2397 ingressi
1237 2340 1373 2382 sunt.
1446 2332 1729 2382 Annonam
1777 2350 1987 2384 omnem
2025 2334 2123 2384 cir-

267 2417 601 2468 cumquaque
648 2399 840 2451 milites
883 2400 1121 2468 palantes
1171 2401 1450 2452 advectare
1487 2402 1742 2453 fecerunt.
1816 2401 2122 2470 Negotiato-

264 2487 380 2519 rum
420 2487 629 2538 quoque
654 2470 824 2520 victus
862 2471 917 2520 in
953 2489 1107 2521 1131101
1144 2470 1395 2523 bellicum
1421 2479 1755 2541 acceperimt.
1827 2472 2122 2539 Lignorum

263 2537 440 2590 trabes
480 2557 547 2590 ex
585 2539 870 2608 Argonna¹
924 2543 1204 2610 aggregari
1241 2542 1519 2606 iusserunt,
1568 2550 1641 2605 ut,
1693 2543 1737 2592 si
1774 2540 1842 2592 ab
1879 2541 2122 2594 hostibus

265 2617 415 2659 extra
461 2609 735 2660 machinae
785 2611 949 2660 muris
999 2609 1416 2680 applicarentur,
1478 2612 1582 2680 ipsi
1639 2629 1850 2680 quoque
1898 2612 2121 2663 interius

266 2677 622 2730 obtinentibus
669 2679 926 2731 machinis
977 2681 1219 2732 obstarec
1269 2680 1590 2732 molirentur.
1677 2681 1861 2733 Crates
1911 2699 2121 2751 quoque

262 2747 550 2798 viminibus
578 2757 628 2800 et
662 2749 911 2801 arborum
937 2750 1212 2801 frondibus
1237 2750 1438 2801 validas
1472 2752 1824 2818 intexuerunt,
1861 2751 2121 2803 machinis

265 2818 475 2883 erectis,
541 2819 583 2868 si
641 2838 722 2870 res
772 2830 1107 2888 exposceret,
1167 2820 1676 2889 supersternendosf.
1760 2820 1933 2873 Sudes
1981 2820 2120 2873 ferro

264 2888 591 2938 acuminatos
631 2896 681 2939 et
718 2890 841 2957 igne
881 2889 1126 2941 subustos
1164 2890 1231 2941 ad
1262 2889 1439 2942 hostes
1485 2890 1909 2942 transfodiendos
1960 2909 2120 2961 quam

262 2954 440 3023 plures
494 2967 828 3024 aptaverunt.
901 2959 1124 3010 Missilia
1159 2961 1293 3010 varii
1339 2962 1548 3029 generis
1590 2979 1685 3029 per
1734 2960 1911 3013 fabros
1961 2980 2120 3031 expe-

264 3025 423 3077 diere.
511 3027 739 3078 Funium
787 3028 1039 3081 millenas
1083 3028 1355 3080 volumina
1408 3030 1476 3081 ad
1526 3049 1652 3081 usus
1708 3030 1943 3082 diversos
1998 3049 2119 3082 con-

262 3106 540 3147 vexerunt.
632 3096 844 3165 Clipeos
899 3117 1107 3169 quoque
1162 3099 1436 3151 habendae
1491 3099 1745 3151 testudini
1800 3099 2120 3151 ordinandos

263 3166 613 3218 instituerunt.
687 3167 933 3220 Preterea
973 3177 1193 3221 centena
1229 3170 1412 3220 mortis
1449 3176 1709 3221 tormenta
1745 3186 1851 3220 non
1889 3168 2118 3222 defuere.

362 3322 398 3363 a)
427 3333 646 3364 paucosque
675 3326 910 3356 multitudini
948 3328 1083 3359 cedere
1119 3329 1202 3360 add.
1238 3330 1270 3361 1.
1407 3326 1445 3367 b)
1475 3336 1660 3367 aperuere
1698 3336 1781 3358 sese
1813 3346 1855 3352 —-
1883 3327 2053 3359 obtulere
2082 3329 2115 3359 1.
2172 3312 2189 3354 ἦ

264 3370 302 3460 ἕ)
321 3374 513 3452 ἴέἷςθαιίἀ.
665 3373 702 3413 d)
732 3374 774 3414 V,
804 3376 843 3405 in
871 3375 962 3407 absc,
1116 3376 1150 3417 e)
1181 3377 1228 3407 ab
1264 3377 1435 3408 hostibus
1472 3378 1504 3408 1.
1655 3374 1682 3416 f)
1712 3378 2053 3416 supersternendas
2083 3379 2116 3410 1.
2176 3391 2187 3401 ι

387 3529 432 3584 1)
469 3532 591 3573 Silva
626 3533 679 3572 ab
715 3533 947 3574 occidente
973 3534 1174 3574 Virduni.
