2240 3879
539 232 790 275 RIOHERI
823 234 1238 276 HISTORIARUM
1270 234 1451 276 LIBER
1484 236 1593 276 1111.
1906 237 1989 277 167

155 368 517 421 contendebat.
593 369 928 440 Collectoque
975 370 1224 429 exercitu,
1274 372 1328 421 in
1376 371 1723 423 Brittanniam
1769 389 1988 441 preceps
2003 388 2086 421 992.

152 438 315 490 fertur
350 437 709 508 Namtasque¹
749 440 965 509 appetit.
1039 438 1203 490 Cuius
1243 440 1485 490 custodes
1532 441 1659 491 alios
1708 458 1835 491 auro
1880 459 1989 492 cor-

153 507 309 575 rupit,
350 505 508 557 *alios
547 507 863 576 quibusdam
899 506 1358 577 pollicitationibus
1394 507 1573 559 illexit.
1646 509 1741 560 Eis
1784 527 2099 579 quoque·f01.
2130 532 2203 564 52¹.

154 594 319 645 usque
355 576 423 627 ad
460 576 704 628 effectum
741 578 926 642 suasit,
975 594 1077 646 quo
1117 576 1216 628 sibi
1255 577 1638 641 satisfacerent,
1689 586 1745 629 ut
1794 577 1991 630 scilicet

153 645 298 697 urbis
345 645 614 697 introitum
657 646 961 715 panderent.
1042 645 1147 709 Qui
1199 647 1361 711 suasi,
1412 654 1734 697 sacramento
1781 654 1989 715 tempus

155 715 488 766 constituunt.
560 715 670 766 Nec
706 714 867 766 multo
903 721 1022 782 post
1059 721 1108 764 et
1142 714 1197 764 in
1221 715 1405 767 urbem
1431 716 1728 766 admittunt.
1788 716 1991 783 Ingres-

155 802 349 853 susque
385 784 626 853 pervadit
662 792 712 835 et
748 802 779 834 a
816 782 1015 834 civibus
1052 783 1163 834 iure
1197 785 1509 836 sacramenti
1536 784 1743 836 obsides
1770 785 1988 852 accepit.

153 852 348 904 Arcem
384 852 547 903 solam
584 870 887 920 expugnare
923 870 1029 903 non
1065 852 1245 919 valuit,
1285 871 1345 904 eo
1385 854 1525 922 quod
1562 852 1749 905 milites
1781 870 1992 921 magna-

153 922 325 973 nimos
362 920 593 975 haberet.
665 920 820 972 Unde
867 929 916 972 et
966 922 1143 988 cessit,
1191 941 1301 974 sese
1351 921 1597 974 recedere
1644 922 1939 973 deliberans
1955 930 1991 987 a,

154 999 213 1043 ut
249 991 415 1060 copiis
453 989 793 1058 amplioribus
840 1007 1214 1059 congressurus
1261 992 1455 1043 rediret
1500 1009 1779 1060 arcemque
1833 1008 1993 1059 expu-

154 1069 356 1128 gnaret.
409 1060 540 1127 (82.)
579 1058 824 1110 Conanus
844 1059 898 1109 in
918 1059 1263 1111 exterioribus
1282 1061 1606 1111 Brittanniae
1625 1060 1877 1128 partibus,
1905 1060 1995 1129 qui

153 1129 302 1182 locus
338 1127 636 1180 Bruerech²
686 1127 903 1194 dicitur,
952 1128 1015 1179 de
1064 1128 1221 1181 rebus
1270 1128 1469 1181 bellicis
1518 1128 1660 1198 apud
1710 1147 1829 1179 suos
1881 1147 1994 1196 per-

153 1198 428 1263 tractabat,
474 1214 594 1247 cum
631 1197 700 1248 ad
749 1198 858 1248 eius
906 1214 1057 1248 aures
1107 1197 1236 1249 haec
1282 1197 1452 1249 delata
1500 1206 1635 1249 sunt.
1718 1198 1994 1265 Magisque

153 1274 339 1335 coepto
387 1266 597 1334 negotio
653 1266 925 1333 insistens,
981 1269 1272 1318 exercitum
1319 1268 1640 1336 congreg-ath
1695 1265 1995 1334 bellumque

152 1336 266 1387 fieri
303 1343 467 1404 parat.
530 1335 661 1386 *Et0
688 1336 937 1404 quoniam
965 1335 1227 1387 obsidioni
1250 1336 1552 1387 instandum
1580 1343 1787 1404 tempus
1815 1334 2107 1387 suade-‘for
2135 1353 2191 1385 53.

150 1405 256 1471 bat,
297 1403 612 1456 collectumd
638 1406 928 1456 exercitum
966 1405 1084 1457 urbi
1109 1405 1310 1456 inducit
1347 1406 1498 1474 eique
1536 1404 1631 1455 ade
1658 1423 1823 1455 unum
1861 1403 1995 1454 latus

153 1473 478 1527 obsidionem
515 1491 610 1543 per
633 1482 824 1524 terram
854 1473 1074 1525 ordinat.
1136 1474 1219 1525 Ad
1250 1473 1467 1525 alterum
1494 1492 1618 1525 vero
1644 1492 1738 1542 per
1762 1473 1996 1541 Ligerim

154 1543 345 1595 classes
370 1543 659 1611 piratarum
685 1542 901 1594 adhibet
915 1543 942 1594 f.
1000 1541 1248 1612 Undique
1276 1561 1400 1612 ergo
1429 1543 1699 1595 obsidione
1726 1542 1996 1611 disposita,

151 1632 184 1665 a
221 1613 402 1681 piratis
439 1630 534 1680 per
569 1611 804 1676 fluvium,
841 1630 872 1662 a
907 1612 1194 1664 Brittannis
1230 1631 1324 1681 per
1360 1625 1552 1664 terram
1590 1612 1811 1664 urbanig
1845 1609 1997 1662 vehe-

153 1690 356 1734 menter
407 1688 672 1748 urgentur.
745 1680 857 1732 Nec
905 1683 1077 1732 minus
1124 1683 1214 1750 qui
1259 1683 1313 1732 in
1358 1699 1475 1733 arce
1524 1688 1883 1732 remanserant
1932 1687 1996 1729 aa

154 1749 510 1820 superioribus
534 1748 824 1801 iaculorum
850 1749 1058 1802 diversa
1082 1768 1277 1819 genera
1302 1751 1704 1819 precipitabant.
1771 1749 1997 1817 Parique

152 1819 534 1889 inpugnatione
572 1820 899 1886 superiorum
944 1828 1099 1888 atque
1143 1820 1447 1871 inferiorum
1499 1820 1589 1888 qui
1641 1818 1803 1869 medii
1852 1824 1998 1869 erant

150 1889 485 1942 vexabantur
498 1889 537 1938 ¹¹.
618 1888 754 1939 Nam
802 1889 893 1956 qui
936 1889 990 1939 in
1033 1906 1152 1941 arce
1203 1896 1252 1940 et
1300 1890 1356 1939 in
1408 1888 1679 1939 obsidione
1733 1885 2000 1939 certabant

155 1958 360 2011 Conani
395 1965 571 2025 partes
608 1957 903 2008 tuebantur.
964 1956 1169 2009 Urbani
1194 1976 1316 2009 vero
1357 1958 1476 2026 proi
1502 1956 1753 2008 Fulconis
1779 1955 1998 2007 victoria

155 2045 373 2097 operam
410 2026 619 2078 dabant.
698 2026 840 2077 *Nec
888 2028 1060 2077 minus
1086 2025 1250 2077 Fulco
1291 2027 1467 2094 copias
1505 2025 1727 2094 parabat
1764 2034 1814 2076 et
1854 2042 2111 2076 exer-·f01.
2145 2043 2215 2076 52¹.

155 2098 319 2148 citum
355 2103 463 2146 tam
500 2095 565 2146 de
602 2096 709 2146 suis
747 2113 905 2164 quam
944 2096 1283 2147 conducticiis
1322 2096 1692 2163 congregabat.
1764 2092 2160 2144 Audstokeontin.

153 2182 278 2217 vero
307 2164 582 2217 Conanum
619 2164 773 2215 urbik
811 2164 1139 2218 obsidionem
1172 2163 1529 2231 adhibuissek,
1567 2164 1713 2216 moxl
1740 2163 2001 2232 legionem

154 2235 480 2287 Brittanniae
516 2234 688 2285 infert.

634 2351 714 2402 83.
787 2349 1001 2401 Dolusm
1037 2349 1261 2402 Fulconi
1304 2358 1536 2419 paratus.

297 2435 427 2487 Erat
480 2452 694 2503 campus
744 2442 882 2485 nona
927 2433 1111 2485 valdea
1161 2433 1403 2502 procula,
1453 2430 1778 2500 longitudine
1827 2431 1906 2480 sui
1954 2438 2004 2481 et

158 2503 433 2556 latitudine
483 2512 691 2569 Vastus,
736 2502 988 2554 filicetum
1038 2503 1093 2552 in
1143 2521 1197 2554 se
1244 2504 1535 2553 maximum
1590 2500 1804 2551 habens.
1900 2497 2003 2548 Hic

161 2574 449 2626 Conanusn
486 2572 661 2624 locum
697 2571 914 2640 gerendi
948 2570 1073 2623 belli
1111 2572 1459 2636 constituens,
1506 2569 1818 2620 insidiarum
1856 2565 2002 2618 dolos

157 2642 360 2694 infodit.
432 2641 570 2693 Nam
605 2641 772 2692 fossas
825 2658 980 2710 quam
1019 2639 1193 2708 plures
1231 2641 1305 2692 ibi
1351 2641 1674 2708 inmergens,
1722 2637 1913 2705 virgisO
1954 2645 2004 2687 et

159 2712 443 2763 viminibus
491 2710 800 2779 stipulisque
851 2727 1032 2761 earum
1079 2708 1252 2760 hiatus
1301 2709 1527 2777 desuper
1576 2708 1807 2776 operuit,
1862 2706 2002 2756 intus

162 2779 385 2832 surculis
437 2779 672 2845 defixiSP,
723 2780 812 2847 qui
861 2778 1132 2846 superiora
1182 2780 1542 2829 continerent<1
1590 2785 1640 2828 et
1687 2774 2003 2826 soliditatem

163 2849 460 2918 superficiei
497 2848 812 2899 simularent.
884 2847 955 2898 Et
1000 2855 1087 2897 ΠΗ
1141 2846 1383 2898 simulata.
1437 2845 1740 2915 superficies
1795 2844 2002 2912 penitus

160 2918 360 2983 lateret,
396 2916 587 2969 filicem
625 2916 893 2969 collectam
933 2915 1159 2985 desuper
1194 2916 1441 2985 respersit
1485 2914 1810 2981 insidiasque
1856 2911 2003 2963 dissi-

159 2987 396 3039 mulavit.

263 3143 300 3186 a)
322 3144 499 3184 postadd.
597 3140 635 3182 b)
664 3145 774 3182 parat
799 3150 973 3181 super-scr.
1003 3145 1220 3182 congregat.
1321 3140 1353 3181 e)
1382 3143 1463 3172 haec
1488 3141 1526 3172 in
1549 3151 1666 3181 parva
1682 3138 1842 3172 schedula
1858 3137 2011 3177 adJ'ecla.

163 3194 203 3235 d)
230 3196 350 3225 totum
380 3195 412 3224 1.
560 3189 594 3232 e)
622 3200 690 3230 per
715 3199 890 3230 supet-scr.
919 3190 979 3223 ad.
1124 3189 1153 3231 s)
1182 3190 1352 3222 adhibuit
1378 3199 1553 3229 superscr.
1582 3194 1629 3222 et.
1779 3184 1817 3227 g)
1855 3186 1941 3216 urbi
1971 3189 2002 3219 1.

163 3241 202 3283 h)
225 3251 322 3274 vexa
349 3251 365 3272 e
389 3250 482 3272 corr.
632 3238 659 3279 i)
688 3249 722 3271 v.
750 3239 792 3274 F,
819 3239 976 3282 victorie
1005 3240 1035 3270 1.
1170 3237 1210 3279 k)
1248 3238 1344 3272 Aud.
1385 3257 1424 3262 —
1462 3239 1679 3269 adhibuisse
1717 3236 1751 3266 in
1781 3243 1904 3273 τηανρ..
1935 3235 2005 3270 ubi,

165 3291 318 3331 Audito,
344 3290 426 3331 urb,
453 3288 526 3320 adh
553 3288 644 3321 absc.
754 3286 780 3327 1)
811 3295 938 3325 congr.
966 3288 1015 3318 Et
1041 3287 1239 3319 collectum
1274 3289 1306 3317 1.
1416 3285 1467 3325 m)
1497 3287 1571 3317 Dol
1598 3286 1688 3317 absc.
1801 3281 1840 3322 n)
1868 3283 2004 3321 siquam

164 3340 367 3378 appositum
383 3339 422 3369 in
435 3336 637 3377 marana.
739 3334 774 3375 o)
803 3335 977 3373 virgultis
1000 3337 1030 3367 1.
1130 3334 1170 3376 p)
1198 3334 1327 3366 defixit
1347 3337 1379 3366 1.
1483 3337 1519 3373 q)
1549 3343 1579 3365 s·
1610 3343 1641 3366 c.
1671 3335 1706 3364 et
1733 3333 1769 3363 in
1798 3340 1919 3370 *mar-9„
1948 3331 2007 3361 >ubi

164 3396 270 3428 supe,
299 3389 386 3419 cont
410 3386 502 3417 absc.
603 3383 635 3426 r)
664 3387 705 3416 ut
730 3385 881 3424 penitus
909 3391 938 3416 s,
970 3385 1001 3414 1.

293 3493 339 3548 1)
370 3495 555 3536 Nautes.
678 3492 725 3546 2)
759 3494 904 3534 Bruc‘?
939 3492 1127 3534 POINS.
