2240 3879
453 213 703 253 RICHERI
734 212 1150 253 HISTORIARUM
1181 211 1364 250 LIBER
1397 211 1482 250 111.
1847 210 1901 250 89

211 354 258 405 6.
311 352 515 402 Interea
543 349 735 402 Ottone
770 369 893 419 rege
918 347 1153 400 Bulizlao
1183 346 1539 398 Sarmatarum
1574 349 1685 416 regi
1711 347 1903 400 bellum

72 423 375 486 inferente¹,
414 420 718 488 Ragenerus
756 419 983 488 quidam,
1024 435 1178 486 quem
1216 415 1339 467 Otto
1378 434 1471 466 rex
1510 414 1574 466 ob
1615 418 1903 469 custodiam

73 493 127 542 in
173 489 388 558 Belgica
434 489 714 554 dimiserat,
762 486 925 538 multa
974 503 1106 554 quae
1152 484 1334 535 illicita
1371 493 1517 535 erant
1552 487 1900 552 presumebat.

71 560 212 612 Inter
250 577 382 627 quae
419 558 572 609 aedes
609 558 778 625 regias
815 566 865 608 et
901 554 1084 623 predia
1119 553 1318 621 regalia
1345 552 1648 621 Gerbergae
1676 557 1902 623 reginae,

73 646 205 698 quae
230 628 282 678 in
307 626 525 696 Belgica
551 637 711 692 erant,
749 625 1005 677 tirannica
1030 623 1322 675 temeritate
1338 632 1357 655 ³
1382 623 1640 692 pervadit.
1703 625 1904 694 Regina

70 715 193 749 vero
232 696 374 766 apud
412 714 528 747 suos*
571 696 633 747 de
670 692 966 764 repetendis
1012 692 1209 761 prediis
1256 701 1307 744 et
1344 692 1560 744 aedibus
1597 694 1753 761 regiis
1801 696 1902 762 pri-

70 767 236 818 vatim
275 764 564 817 consultare
599 782 703 815 non
740 760 952 814 distulit.

212 837 256 887 7.
312 836 455 886 Inter
493 852 621 903 quos
660 851 779 883 cum
824 832 1008 899 paterb
1053 849 1201 883 meus
1248 831 1400 881 huius
1448 832 1524 882 rei
1572 831 1902 900 dispositioni

70 904 336 957 videretur
360 903 593 968 idoneus,
620 902 685 953 ab
712 919 772 952 eo
799 901 853 952 id
880 918 1211 968 summopere
1239 900 1586 951 ordinandum
1611 901 1901 969 petebatur.

73 973 230 1038 Quod
269 974 424 1025 etiam
461 973 574 1041 ipse
622 969 1004 1040 disponendum
1062 970 1380 1038 suscipiens:
1455 969 1669 1035 ‘Sinite',
1717 972 1900 1040 inquit,

73 1048 184 1111 ‘per
221 1043 331 1094 dies
369 1041 566 1109 aliquot
601 1059 684 1092 me
720 1038 860 1091 istud
909 1038 1199 1107 explorare.
1277 1039 1347 1089 Et
1385 1040 1428 1089 si
1466 1039 1677 1108 quidem
1715 1043 1902 1091 nostris

70 1113 268 1164 viribus
305 1112 359 1162 id
394 1129 491 1180 par
526 1110 694 1175 fuerit,
733 1108 917 1178 procul
954 1107 1112 1159 dubio
1162 1127 1257 1177 per
1304 1107 1403 1159 hoc
1452 1110 1703 1177 temporis
1751 1111 1904 1160 inter-

71 1179 266 1231 vallum
305 1178 792 1248 contemplabimur.
846 1177 932 1229 Ad
970 1177 1073 1229 alia
1108 1178 1317 1229 interim
1353 1195 1445 1228 vos
1482 1178 1627 1246 ipsos
1658 1178 1902 1230 conferte.

70 1249 204 1301 Illud
241 1257 443 1300 tantum
493 1267 524 1299 a
570 1248 755 1299 vobisc
803 1248 1129 1316 expediatur,
1176 1256 1247 1312 ut,
1296 1247 1338 1297 si
1387 1265 1418 1296 a
1463 1247 1580 1298 Deo
1626 1248 1776 1299 nobis
1827 1249 1903 1299 rei

69 1318 328 1387 gerendae
401 1319 725 1386 oportunitas
796 1317 1114 1382 conferatur,
1186 1315 1326 1385 apud
1396 1334 1489 1368 vos
1558 1315 1697 1367 nulla
1757 1335 1904 1368 mora

69 1388 451 1457 attemptandid
498 1405 630 1456 opus
666 1387 950 1439 habeatur'.
1025 1385 1114 1438 Sic
1149 1404 1356 1454 quoque
1389 1403 1420 1435 a
1447 1404 1561 1438 sese
1587 1386 1743 1437 soluti
1769 1396 1901 1438 sunt.

208 1459 253 1509 8.
311 1458 466 1509 Pater
503 1475 649 1508 meus
686 1457 862 1525 itaque
901 1456 967 1506 ad
1006 1455 1261 1525 oppidum
1309 1455 1568 1524 predictie
1605 1456 1902 1525 Ragenerie

71 1526 211 1594 quod
248 1527 436 1578 dicitur
471 1526 650 1576 Monsf
687 1524 1099 1591 Castrati-loci2,
1137 1524 1229 1575 ubi
1267 1526 1425 1576 etiam
1462 1544 1598 1576 uxor
1635 1526 1746 1576 eius
1785 1544 1903 1577 cum

70 1595 275 1647 duobus
312 1595 433 1646 filiis
470 1597 647 1663 parvis
682 1594 1000 1660 morabatur,
1041 1593 1298 1663 quosdam
1336 1612 1567 1660 suorum,
1619 1613 1750 1663 quos
1788 1596 1900 1664 ipse

68 1667 123 1716 in
147 1664 457 1717 militaribus
483 1667 816 1728 instruxerat,
855 1664 1046 1731 dirigit,
1085 1664 1210 1732 quig
1246 1661 1350 1714 loci
1385 1663 1747 1715 habitudinem
1773 1664 1904 1716 mili-

68 1743 284 1803 tumque
345 1752 635 1799 numerum,
696 1752 870 1784 rerum
932 1735 1089 1784 etiam
1150 1732 1414 1784 fortunam
1473 1751 1534 1783 ac
1587 1733 1901 1785 famulorum

70 1806 271 1856 exitum
307 1804 630 1872 vigilumque
674 1802 996 1870 diligentiam
1037 1802 1335 1854 cautissime
1369 1803 1712 1854 considerent.
1780 1804 1904 1854 Pro-

69 1873 258 1925 cedunt
305 1875 482 1943 itaque
533 1873 637 1924 duo
682 1880 883 1924 tantum
926 1873 979 1922 in
1026 1871 1208 1922 habitu
1256 1873 1570 1940 paupertino
1619 1890 1680 1923 ac
1736 1891 1902 1941 usque

68 1943 136 1994 ad
175 1943 354 2012 oppidi
390 1951 595 2012 portam
633 1941 931 1995 deveniunt.
1017 1941 1440 1993 Exstruebantur
1476 1950 1601 1992 tunc
1636 1943 1771 1992 muri
1807 1960 1902 2010 per

67 2011 182 2063 loca
236 2011 528 2081 potioribus
583 2011 853 2062 aedificiis.
938 2010 1094 2062 Unde
1149 2018 1199 2061 et
1251 2009 1485 2079 lapidum
1542 2013 1900 2081 caementique

67 2081 342 2151 portitores
369 2100 526 2149 saepe
560 2100 655 2150 per
689 2089 894 2149 portam
930 2078 1333 2148 egrediebantur
1368 2079 1903 2150 regrediebanturque

67 2159 306 2220 presente
375 2152 497 2220 quih
565 2151 711 2219 operi
767 2149 1082 2218 presidebat.
1174 2149 1385 2200 Adsunt
1434 2148 1793 2219 exploratores
1854 2160 1903 2202 et

67 2220 136 2272 ad
175 2220 609 2290 comportandum
655 2218 858 2288 lapides
899 2219 1122 2270 offerunt
1165 2237 1292 2272 sese.
1365 2219 1706 2288 Deputantur
1742 2220 1898 2289 operi.

65 2289 342 2360 Daturque
380 2291 453 2341 eis
492 2287 761 2341 clitellaria
799 2296 991 2357 sporta.
1065 2288 1409 2358 Comportant
1451 2290 1628 2357 itaque
1667 2306 1901 2340 caemen-

66 2368 178 2411 tum
226 2377 287 2409 ac
333 2358 562 2428 lapides,
611 2375 673 2409 ac
709 2376 952 2409 nummos
1005 2357 1240 2426 singulos
1291 2357 1482 2426 singuli
1526 2359 1580 2407 in
1617 2358 1727 2410 dies
1765 2360 1898 2409 acci—

65 2429 231 2496 piunt.
311 2427 450 2479 Ante
498 2427 762 2478 dominam
813 2428 970 2478 etiam
1017 2445 1136 2478 cum
1185 2425 1391 2479 latomis
1441 2434 1491 2479 et
1540 2427 1899 2479 caementariis

71 2497 147 2549 bis
203 2497 362 2549 cibati
416 2505 550 2561 sunt,
606 2498 841 2547 *curiose
897 2496 1070 2547 omnia
1127 2494 1553 2564 contemplantes.
1638 2496 1900 2548 Dominae

65 2567 221 2618 etiam
247 2564 547 2618 cubiculum
584 2566 799 2634 eiusque
823 2573 1064 2616 natorum
1104 2564 1489 2631 diverticulum,
1527 2564 1619 2616 sed
1646 2573 1695 2617 et
1736 2565 1899 2616 famu-

63 2635 231 2687 lorum
271 2653 536 2704 egressum
563 2643 614 2686 et
655 2652 951 2702 regressum
989 2634 1360 2702 actionumque
1394 2641 1771 2703 tempestatem,
1809 2636 1900 2688 ubi

66 2705 222 2757 etiam
269 2704 524 2773 oppidum
575 2703 776 2754 insidiis
825 2704 993 2771 magis
1042 2711 1234 2772 pateat,
1285 2702 1448 2755 multa
1486 2703 1899 2756 consideratione

64 2781 357 2843 pernotant.
428 2773 500 2825 Et
547 2772 733 2824 diebus
781 2781 1003 2841 quatuor
1051 2773 1362 2837 consumtis,
1409 2772 1519 2824 dies
1566 2772 1898 2826 imminebati

67 2843 346 2894 dominica.
378 2902 382 2906 ¹
410 2842 602 2911 Sicque
639 2849 856 2910 accepta
891 2839 1083 2893 laboris
1121 2841 1360 2893 mercede
1376 2842 1417 2907 k,
1470 2841 1536 2894 ab
1564 2860 1718 2910 opere
1745 2842 1899 2895 soluti

66 2920 199 2964 sunt.
260 2913 500 2964 Redeunt
536 2911 711 2980 igitur,
752 2908 993 2962 omnibus
1032 2909 1330 2979 exploratiS,
1367 2928 1428 2962 ac
1465 2912 1601 2980 patri
1627 2929 1743 2963 meo
1775 2911 1897 2963 talia

64 2981 312 3034 referunt.

165 3084 200 3125 a)
231 3086 451 3117 crudelitate
483 3087 511 3116 1.
609 3083 647 3125 b)
677 3094 712 3124 p.
740 3093 786 3115 m.
843 3084 911 3114 iam
937 3083 1054 3122 prima
1081 3093 1190 3115 manu
1216 3085 1269 3115 hic
1296 3089 1325 3115 ec
1351 3085 1389 3115 in
1415 3086 1646 3124 sequentihus
1749 3084 1782 3125 c)
1798 3086 1897 3125 apud

66 3142 131 3165 vos
159 3136 193 3165 1.
294 3133 331 3175 d)
359 3134 540 3174 perficien
566 3134 714 3164 scribere
740 3136 903 3171 coepfunn
1006 3130 1040 3171 e>
1063 3137 1145 3171 post
1171 3134 1253 3166 add.
1353 3132 1382 3174 f)
1412 3135 1548 3175 nnonsl,
1577 3143 1696 3165 errore
1724 3134 1893 3173 auctoris,

69 3183 130 3222 qui
167 3183 240 3213 alia
278 3184 426 3214 scribere
465 3182 584 3214 voluit.
709 3180 746 3221 g)
782 3190 815 3219 q.
851 3181 1143 3219 diligentissime
1179 3182 1420 3214 considerent
1449 3184 1479 3215 1.
1606 3181 1643 3222 h)
1684 3191 1722 3222 p.
1765 3191 1894 3214 eorum

69 3231 221 3262 custode
251 3233 282 3262 1.
383 3230 410 3272 i)
439 3231 569 3262 aderat
597 3233 628 3262 1.
728 3228 768 3270 k)
797 3229 921 3268 operis
949 3229 1077 3268 precio
1106 3231 1138 3260 1.

193 3306 236 3361 1)
269 3309 562 3351 Flodoardum
598 3308 711 3349 male
743 3309 1049 3361 interpretatus
1083 3313 1161 3356 est,
1192 3310 1264 3362 qui
1298 3323 1337 3350 a.
1372 3309 1473 3351 955.
1508 3310 1561 3350 de
1598 3308 1712 3349 bello
1748 3314 1897 3349 contra

69 3367 283 3421 ungarios
327 3370 381 3410 ab
425 3371 584 3411 Ottone
629 3383 726 3410 cum
768 3368 968 3408 Burislao
1010 3373 1134 3420 gesto
1176 3369 1321 3410 refert.
1422 3368 1466 3422 2)
1500 3370 1626 3410 Mons
1651 3369 1897 3419 Castriloci‚

68 3427 208 3479 Mons,
240 3429 501 3470 Hannoniae
536 3435 680 3483 caput,
712 3428 900 3480 intelligi
931 3427 1118 3469 videtur.
1168 3429 1256 3470 Sed
1288 3429 1416 3471 Flod.
1449 3429 1725 3469 munitionem
1759 3443 1895 3481 quan-

68 3486 171 3527 dam
202 3502 331 3541 super
365 3489 552 3531 charum
572 3489 761 3543 fluvium
795 3502 891 3529 cum
925 3489 1162 3541 Ragenarii
1194 3489 1431 3531 infantibus
1467 3496 1638 3544 captam
1666 3495 1825 3531 narrat.

1920 361 2002 396 956.

1917 2513 1927 2525 ⁸
1943 2515 2007 2548 fol.
2032 2516 2103 2549 32¹.
