<?xml version="1.0" encoding="UTF-8"?>
<!DOCTYPE html PUBLIC "-//W3C//DTD XHTML 1.0 Transitional//EN"
    "http://www.w3.org/TR/xhtml1/DTD/xhtml1-transitional.dtd">
<html xmlns="http://www.w3.org/1999/xhtml" xml:lang="en" lang="en">
 <head>
  <title>
</title>
<meta http-equiv="Content-Type" content="text/html;charset=utf-8" />
  <meta name='ocr-system' content='tesseract 3.04.00' />
  <meta name='ocr-capabilities' content='ocr_page ocr_carea ocr_par ocr_line ocrx_word'/>
</head>
<body>
  <div class='ocr_page' id='page_1' title='image "./historiarumlibri00richuoft_0013.png"; bbox 0 0 2240 3879; ppageno 0'>
   <div class='ocr_carea' id='block_1_1' title="bbox 487 269 1919 313">
    <p class='ocr_par' dir='ltr' id='par_1_1' title="bbox 487 269 1919 313">
     <span class='ocr_line' id='line_1_1' title="bbox 487 269 1919 313; baseline 0.001 -5"><span class='ocrx_word' id='word_1_1' title='bbox 487 269 735 310; x_wconf 82' lang='lat' dir='ltr'>RIOHERI</span> <span class='ocrx_word' id='word_1_2' title='bbox 768 270 1179 311; x_wconf 80' lang='lat' dir='ltr'>HISTORIARUM</span> <span class='ocrx_word' id='word_1_3' title='bbox 1212 269 1379 309; x_wconf 89' lang='lat' dir='ltr'>LIBRI</span> <span class='ocrx_word' id='word_1_4' title='bbox 1411 270 1522 313; x_wconf 80' lang='lat'><em>1111.</em></span> <span class='ocrx_word' id='word_1_5' title='bbox 1857 270 1919 309; x_wconf 91' lang='lat' dir='ltr'><em>IX</em></span> 
     </span>
    </p>
   </div>
   <div class='ocr_carea' id='block_1_2' title="bbox 55 407 1926 2965">
    <p class='ocr_par' dir='ltr' id='par_1_2' title="bbox 55 407 1926 2413">
     <span class='ocr_line' id='line_1_2' title="bbox 79 407 1920 474; baseline -0.001 -14"><span class='ocrx_word' id='word_1_6' title='bbox 79 409 249 460; x_wconf 88' lang='lat' dir='ltr'><em>multa</em></span> <span class='ocrx_word' id='word_1_7' title='bbox 276 418 289 443; x_wconf 91' lang='lat'>¹</span> <span class='ocrx_word' id='word_1_8' title='bbox 339 409 398 458; x_wconf 91' lang='lat' dir='ltr'><em>in</em></span> <span class='ocrx_word' id='word_1_9' title='bbox 449 408 676 459; x_wconf 86' lang='lat' dir='ltr'><em>historia</em></span> <span class='ocrx_word' id='word_1_10' title='bbox 714 409 978 460; x_wconf 85' lang='lat' dir='ltr'><em>Ludovici</em></span> <span class='ocrx_word' id='word_1_11' title='bbox 1014 408 1050 456; x_wconf 86' lang='lat' dir='ltr'><em>I</em></span> <span class='ocrx_word' id='word_1_12' title='bbox 1058 407 1108 470; x_wconf 90' lang='lat' dir='ltr'><em>V,</em></span> <span class='ocrx_word' id='word_1_13' title='bbox 1156 408 1246 456; x_wconf 92' lang='lat' dir='ltr'><em>cui</em></span> <span class='ocrx_word' id='word_1_14' title='bbox 1282 413 1329 456; x_wconf 86' lang='lat' dir='ltr'><em>et</em></span> <span class='ocrx_word' id='word_1_15' title='bbox 1363 407 1588 457; x_wconf 77' lang='lat' dir='ltr'><em>Richeri</em></span> <span class='ocrx_word' id='word_1_16' title='bbox 1632 416 1847 474; x_wconf 87' lang='lat' dir='ltr'><em>patrem</em></span> <span class='ocrx_word' id='word_1_17' title='bbox 1886 427 1920 458; x_wconf 90' lang='lat' dir='ltr'><em>a</em></span> 
     </span>
     <span class='ocr_line' id='line_1_3' title="bbox 79 476 1920 545; baseline -0.002 -16"><span class='ocrx_word' id='word_1_18' title='bbox 79 477 319 529; x_wconf 90' lang='lat' dir='ltr'><em>consiliis</em></span> <span class='ocrx_word' id='word_1_19' title='bbox 339 477 524 545; x_wconf 89' lang='lat' dir='ltr'><em>fuisse</em></span> <span class='ocrx_word' id='word_1_20' title='bbox 562 478 815 542; x_wconf 74' lang='lat' dir='ltr'><em>discimus,</em></span> <span class='ocrx_word' id='word_1_21' title='bbox 854 485 899 527; x_wconf 92' lang='lat' dir='ltr'><em>et</em></span> <span class='ocrx_word' id='word_1_22' title='bbox 925 478 1080 544; x_wconf 80' lang='lat' dir='ltr'><em>cujus</em></span> <span class='ocrx_word' id='word_1_23' title='bbox 1108 483 1341 525; x_wconf 78' lang='lat' dir='ltr'><em>eoctrema</em></span> <span class='ocrx_word' id='word_1_24' title='bbox 1368 476 1482 542; x_wconf 88' lang='lat' dir='ltr'><em>ipse</em></span> <span class='ocrx_word' id='word_1_25' title='bbox 1504 476 1751 542; x_wconf 85' lang='lat' dir='ltr'><em>fortasse</em></span> <span class='ocrx_word' id='word_1_26' title='bbox 1780 496 1920 543; x_wconf 83' lang='lat' dir='ltr'><em>puer</em></span> 
     </span>
     <span class='ocr_line' id='line_1_4' title="bbox 78 544 1916 615; baseline -0.002 -17"><span class='ocrx_word' id='word_1_27' title='bbox 78 547 227 598; x_wconf 84' lang='lat' dir='ltr'><em>vidit.</em></span> <span class='ocrx_word' id='word_1_28' title='bbox 301 547 367 596; x_wconf 89' lang='lat' dir='ltr'><em>In</em></span> <span class='ocrx_word' id='word_1_29' title='bbox 407 547 507 597; x_wconf 91' lang='lat' dir='ltr'><em>hac</em></span> <span class='ocrx_word' id='word_1_30' title='bbox 545 548 717 615; x_wconf 76' lang='lat' dir='ltr'><em>iqitur</em></span> <span class='ocrx_word' id='word_1_31' title='bbox 755 548 930 613; x_wconf 84' lang='lat' dir='ltr'><em>operis</em></span> <span class='ocrx_word' id='word_1_32' title='bbox 958 551 1122 612; x_wconf 88' lang='lat' dir='ltr'><em>parte</em></span> <span class='ocrx_word' id='word_1_33' title='bbox 1159 546 1239 594; x_wconf 88' lang='lat' dir='ltr'><em>ita</em></span> <span class='ocrx_word' id='word_1_34' title='bbox 1270 544 1669 611; x_wconf 86' lang='lat' dir='ltr'><em>procedendum</em></span> <span class='ocrx_word' id='word_1_35' title='bbox 1707 553 1796 609; x_wconf 87' lang='lat' dir='ltr'><em>est,</em></span> <span class='ocrx_word' id='word_1_36' title='bbox 1845 554 1916 610; x_wconf 84' lang='lat' dir='ltr'><em>ut,</em></span> 
     </span>
     <span class='ocr_line' id='line_1_5' title="bbox 81 613 1919 681; baseline -0.001 -15"><span class='ocrx_word' id='word_1_37' title='bbox 81 616 318 666; x_wconf 87' lang='lat' dir='ltr'><em>adhibito</em></span> <span class='ocrx_word' id='word_1_38' title='bbox 357 613 682 680; x_wconf 87' lang='lat' dir='ltr'><em>Flodoardo,</em></span> <span class='ocrx_word' id='word_1_39' title='bbox 723 616 967 681; x_wconf 88' lang='lat' dir='ltr'><em>primum</em></span> <span class='ocrx_word' id='word_1_40' title='bbox 1006 613 1138 680; x_wconf 86' lang='lat' dir='ltr'><em>quid</em></span> <span class='ocrx_word' id='word_1_41' title='bbox 1175 615 1223 663; x_wconf 90' lang='lat' dir='ltr'><em>ei</em></span> <span class='ocrx_word' id='word_1_42' title='bbox 1262 613 1514 663; x_wconf 80' lang='lat' dir='ltr'><em>debeatur</em></span> <span class='ocrx_word' id='word_1_43' title='bbox 1552 622 1646 664; x_wconf 89' lang='lat' dir='ltr'><em>aut</em></span> <span class='ocrx_word' id='word_1_44' title='bbox 1695 617 1919 665; x_wconf 88' lang='lat' dir='ltr'><em>nonnisi</em></span> 
     </span>
     <span class='ocr_line' id='line_1_6' title="bbox 69 682 1919 754; baseline -0.001 -19"><span class='ocrx_word' id='word_1_45' title='bbox 69 703 176 754; x_wconf 86' lang='lat' dir='ltr'><em>pro</em></span> <span class='ocrx_word' id='word_1_46' title='bbox 234 686 608 736; x_wconf 89' lang='lat' dir='ltr'><em>commentario</em></span> <span class='ocrx_word' id='word_1_47' title='bbox 664 685 777 752; x_wconf 82' lang='lat' dir='ltr'><em>ejus</em></span> <span class='ocrx_word' id='word_1_48' title='bbox 836 683 1137 733; x_wconf 86' lang='lat' dir='ltr'><em>habendum</em></span> <span class='ocrx_word' id='word_1_49' title='bbox 1192 683 1259 733; x_wconf 90' lang='lat' dir='ltr'><em>sit</em></span> <span class='ocrx_word' id='word_1_50' title='bbox 1312 682 1665 751; x_wconf 69' lang='lat' dir='ltr'><em>intelliqatar,</em></span> <span class='ocrx_word' id='word_1_51' title='bbox 1729 683 1919 733; x_wconf 88' lang='lat' dir='ltr'><em>deinde</em></span> 
     </span>
     <span class='ocr_line' id='line_1_7' title="bbox 79 750 1916 823; baseline -0.001 -19"><span class='ocrx_word' id='word_1_52' title='bbox 79 753 405 823; x_wconf 87' lang='lat' dir='ltr'><em>reliquorum</em></span> <span class='ocrx_word' id='word_1_53' title='bbox 444 758 503 806; x_wconf 91' lang='lat' dir='ltr'><em>in</em></span> <span class='ocrx_word' id='word_1_54' title='bbox 528 753 708 818; x_wconf 82' lang='lat' dir='ltr'><em>fidem,</em></span> <span class='ocrx_word' id='word_1_55' title='bbox 763 752 1000 802; x_wconf 84' lang='lat' dir='ltr'><em>auctoris</em></span> <span class='ocrx_word' id='word_1_56' title='bbox 1046 750 1481 818; x_wconf 80' lang='lat' dir='ltr'><em>vaniloquentiae</em></span> <span class='ocrx_word' id='word_1_57' title='bbox 1520 771 1582 802; x_wconf 91' lang='lat' dir='ltr'><em>ac</em></span> <span class='ocrx_word' id='word_1_58' title='bbox 1622 753 1782 802; x_wconf 90' lang='lat' dir='ltr'><em>nimii</em></span> <span class='ocrx_word' id='word_1_59' title='bbox 1817 771 1916 819; x_wconf 86' lang='lat' dir='ltr'><em>pa-</em></span> 
     </span>
     <span class='ocr_line' id='line_1_8' title="bbox 78 819 1921 887; baseline -0.001 -14"><span class='ocrx_word' id='word_1_60' title='bbox 78 825 217 874; x_wconf 88' lang='lat' dir='ltr'><em>triae</em></span> <span class='ocrx_word' id='word_1_61' title='bbox 244 824 412 874; x_wconf 89' lang='lat' dir='ltr'><em>studii</em></span> <span class='ocrx_word' id='word_1_62' title='bbox 441 825 651 873; x_wconf 88' lang='lat' dir='ltr'><em>ratione</em></span> <span class='ocrx_word' id='word_1_63' title='bbox 678 820 879 885; x_wconf 87' lang='lat' dir='ltr'><em>habita,</em></span> <span class='ocrx_word' id='word_1_64' title='bbox 920 822 1253 887; x_wconf 86' lang='lat' dir='ltr'><em>inquiratur.</em></span> <span class='ocrx_word' id='word_1_65' title='bbox 1331 819 1453 879; x_wconf 72' lang='lat' dir='ltr'><em>Qua</em></span> <span class='ocrx_word' id='word_1_66' title='bbox 1480 823 1570 871; x_wconf 84' lang='lat' dir='ltr'><em>via</em></span> <span class='ocrx_word' id='word_1_67' title='bbox 1598 820 1713 871; x_wconf 85' lang='lat' dir='ltr'><em>licet</em></span> <span class='ocrx_word' id='word_1_68' title='bbox 1741 839 1921 872; x_wconf 86' lang='lat' dir='ltr'><em>eorum</em></span> 
     </span>
     <span class='ocr_line' id='line_1_9' title="bbox 79 889 1920 960; baseline -0.002 -17"><span class='ocrx_word' id='word_1_69' title='bbox 79 910 301 960; x_wconf 86' lang='lat' dir='ltr'><em>quoque,</em></span> <span class='ocrx_word' id='word_1_70' title='bbox 341 911 475 960; x_wconf 92' lang='lat' dir='ltr'><em>quae</em></span> <span class='ocrx_word' id='word_1_71' title='bbox 513 909 578 941; x_wconf 73' lang='lat' dir='ltr'><em>esc</em></span> <span class='ocrx_word' id='word_1_72' title='bbox 599 889 853 958; x_wconf 86' lang='lat' dir='ltr'><em>fontibus</em></span> <span class='ocrx_word' id='word_1_73' title='bbox 893 890 1046 941; x_wconf 89' lang='lat' dir='ltr'><em>nobis</em></span> <span class='ocrx_word' id='word_1_74' title='bbox 1084 891 1378 959; x_wconf 76' lang='lat' dir='ltr'><em>incoqnitis</em></span> <span class='ocrx_word' id='word_1_75' title='bbox 1401 891 1704 958; x_wconf 72' lang='lat' dir='ltr'><em>fluoeerunt,</em></span> <span class='ocrx_word' id='word_1_76' title='bbox 1746 898 1920 941; x_wconf 41' lang='lat' dir='ltr'><em>aucto*</em></span> 
     </span>
     <span class='ocr_line' id='line_1_10' title="bbox 77 959 1918 1029; baseline -0.001 -17"><span class='ocrx_word' id='word_1_77' title='bbox 77 963 215 1012; x_wconf 87' lang='lat' dir='ltr'><em>ritas</em></span> <span class='ocrx_word' id='word_1_78' title='bbox 254 961 573 1029; x_wconf 71' lang='lat' dir='ltr'><em>aliquotiens</em></span> <span class='ocrx_word' id='word_1_79' title='bbox 609 959 1010 1026; x_wconf 76' lang='lat' dir='ltr'><em>infrinqatur2,</em></span> <span class='ocrx_word' id='word_1_80' title='bbox 1060 978 1124 1009; x_wconf 82' lang='lat' dir='ltr'><em>ea</em></span> <span class='ocrx_word' id='word_1_81' title='bbox 1162 967 1335 1010; x_wconf 87' lang='lat' dir='ltr'><em>tamen</em></span> <span class='ocrx_word' id='word_1_82' title='bbox 1377 960 1450 1010; x_wconf 89' lang='lat' dir='ltr'><em>ad</em></span> <span class='ocrx_word' id='word_1_83' title='bbox 1487 960 1767 1011; x_wconf 73' lang='lat' dir='ltr'><em>historiam</em></span> <span class='ocrx_word' id='word_1_84' title='bbox 1804 978 1918 1010; x_wconf 90' lang='lat' dir='ltr'><em>sae-</em></span> 
     </span>
     <span class='ocr_line' id='line_1_11' title="bbox 80 1027 1917 1097; baseline -0.002 -16"><span class='ocrx_word' id='word_1_85' title='bbox 80 1029 189 1081; x_wconf 83' lang='lat' dir='ltr'><em>culi</em></span> <span class='ocrx_word' id='word_1_86' title='bbox 243 1031 434 1082; x_wconf 87' lang='lat' dir='ltr'><em>decimi</em></span> <span class='ocrx_word' id='word_1_87' title='bbox 492 1027 898 1097; x_wconf 78' lang='lat' dir='ltr'><em>intelliqendam</em></span> <span class='ocrx_word' id='word_1_88' title='bbox 950 1028 1250 1095; x_wconf 86' lang='lat' dir='ltr'><em>plurimum</em></span> <span class='ocrx_word' id='word_1_89' title='bbox 1317 1030 1608 1080; x_wconf 88' lang='lat' dir='ltr'><em>conducere</em></span> <span class='ocrx_word' id='word_1_90' title='bbox 1668 1031 1917 1097; x_wconf 86' lang='lat' dir='ltr'><em>reperies.</em></span> 
     </span>
     <span class='ocr_line' id='line_1_12' title="bbox 79 1097 1918 1164; baseline 0 -15"><span class='ocrx_word' id='word_1_91' title='bbox 79 1099 267 1150; x_wconf 84' lang='lat' dir='ltr'><em>Altera</em></span> <span class='ocrx_word' id='word_1_92' title='bbox 305 1099 483 1164; x_wconf 84' lang='lat' dir='ltr'><em>operis</em></span> <span class='ocrx_word' id='word_1_93' title='bbox 516 1115 670 1164; x_wconf 77' lang='lat' dir='ltr'><em>parS,</em></span> <span class='ocrx_word' id='word_1_94' title='bbox 710 1097 838 1148; x_wconf 86' lang='lat' dir='ltr'><em>libri</em></span> <span class='ocrx_word' id='word_1_95' title='bbox 864 1098 966 1147; x_wconf 84' lang='lat' dir='ltr'><em>III.</em></span> <span class='ocrx_word' id='word_1_96' title='bbox 1007 1099 1192 1164; x_wconf 85' lang='lat' dir='ltr'><em>capita</em></span> <span class='ocrx_word' id='word_1_97' title='bbox 1230 1097 1487 1148; x_wconf 59' lang='lat'>22--110</span> <span class='ocrx_word' id='word_1_98' title='bbox 1528 1107 1573 1149; x_wconf 90' lang='lat' dir='ltr'><em>et</em></span> <span class='ocrx_word' id='word_1_99' title='bbox 1609 1097 1803 1149; x_wconf 85' lang='lat' dir='ltr'><em>librum</em></span> <span class='ocrx_word' id='word_1_100' title='bbox 1824 1099 1918 1149; x_wconf 88' lang='lat' dir='ltr'><em>IV.</em></span> 
     </span>
     <span class='ocr_line' id='line_1_13' title="bbox 79 1167 1920 1236; baseline -0.001 -17"><span class='ocrx_word' id='word_1_101' title='bbox 79 1167 370 1235; x_wconf 77' lang='lat' dir='ltr'><em>compleoea,</em></span> <span class='ocrx_word' id='word_1_102' title='bbox 401 1168 764 1235; x_wconf 86' lang='lat' dir='ltr'><em>praecipuam</em></span> <span class='ocrx_word' id='word_1_103' title='bbox 803 1167 906 1218; x_wconf 90' lang='lat' dir='ltr'><em>sibi</em></span> <span class='ocrx_word' id='word_1_104' title='bbox 942 1167 1157 1218; x_wconf 83' lang='lat' dir='ltr'><em>laudem</em></span> <span class='ocrx_word' id='word_1_105' title='bbox 1194 1168 1543 1234; x_wconf 68' lang='lat' dir='ltr'><em>comparabit,</em></span> <span class='ocrx_word' id='word_1_106' title='bbox 1583 1170 1784 1235; x_wconf 82' lang='lat' dir='ltr'><em>quippe</em></span> <span class='ocrx_word' id='word_1_107' title='bbox 1811 1186 1920 1236; x_wconf 84' lang='lat' dir='ltr'><em>qua</em></span> 
     </span>
     <span class='ocr_line' id='line_1_14' title="bbox 80 1236 1921 1306; baseline -0.001 -19"><span class='ocrx_word' id='word_1_108' title='bbox 80 1244 266 1287; x_wconf 79' lang='lat' dir='ltr'><em>auctor</em></span> <span class='ocrx_word' id='word_1_109' title='bbox 303 1255 459 1286; x_wconf 90' lang='lat' dir='ltr'><em>suum</em></span> <span class='ocrx_word' id='word_1_110' title='bbox 496 1243 700 1304; x_wconf 87' lang='lat' dir='ltr'><em>tempus</em></span> <span class='ocrx_word' id='word_1_111' title='bbox 739 1244 785 1287; x_wconf 91' lang='lat' dir='ltr'><em>et</em></span> <span class='ocrx_word' id='word_1_112' title='bbox 821 1255 919 1301; x_wconf 89' lang='lat' dir='ltr'><em>res,</em></span> <span class='ocrx_word' id='word_1_113' title='bbox 969 1256 1104 1306; x_wconf 87' lang='lat' dir='ltr'><em>quas</em></span> <span class='ocrx_word' id='word_1_114' title='bbox 1143 1238 1258 1305; x_wconf 89' lang='lat' dir='ltr'><em>ipse</em></span> <span class='ocrx_word' id='word_1_115' title='bbox 1296 1244 1546 1304; x_wconf 71' lang='lat' dir='ltr'><em>eoepertus</em></span> <span class='ocrx_word' id='word_1_116' title='bbox 1580 1236 1781 1304; x_wconf 84' lang='lat' dir='ltr'><em>fuerat</em></span> <span class='ocrx_word' id='word_1_117' title='bbox 1827 1244 1921 1286; x_wconf 88' lang='lat' dir='ltr'><em>aut</em></span> 
     </span>
     <span class='ocr_line' id='line_1_15' title="bbox 80 1304 1920 1372; baseline 0.001 -17"><span class='ocrx_word' id='word_1_118' title='bbox 80 1324 114 1355; x_wconf 90' lang='lat' dir='ltr'><em>a</em></span> <span class='ocrx_word' id='word_1_119' title='bbox 154 1304 419 1370; x_wconf 74' lang='lat' dir='ltr'><em>Gerberto,</em></span> <span class='ocrx_word' id='word_1_120' title='bbox 478 1307 657 1372; x_wconf 89' lang='lat' dir='ltr'><em>operis</em></span> <span class='ocrx_word' id='word_1_121' title='bbox 707 1306 977 1356; x_wconf 87' lang='lat' dir='ltr'><em>scribendi</em></span> <span class='ocrx_word' id='word_1_122' title='bbox 1027 1325 1262 1371; x_wconf 87' lang='lat' dir='ltr'><em>suasore,</em></span> <span class='ocrx_word' id='word_1_123' title='bbox 1320 1307 1615 1371; x_wconf 77' lang='lat' dir='ltr'><em>didicerat,</em></span> <span class='ocrx_word' id='word_1_124' title='bbox 1672 1306 1920 1371; x_wconf 84' lang='lat' dir='ltr'><em>candide,</em></span> 
     </span>
     <span class='ocr_line' id='line_1_16' title="bbox 68 1375 1918 1444; baseline 0 -19"><span class='ocrx_word' id='word_1_125' title='bbox 68 1376 357 1443; x_wconf 84' lang='lat' dir='ltr'><em>perspicue</em></span> <span class='ocrx_word' id='word_1_126' title='bbox 388 1382 434 1426; x_wconf 89' lang='lat' dir='ltr'><em>et</em></span> <span class='ocrx_word' id='word_1_127' title='bbox 460 1382 708 1426; x_wconf 88' lang='lat' dir='ltr'><em>accurate</em></span> <span class='ocrx_word' id='word_1_128' title='bbox 735 1376 1067 1442; x_wconf 82' lang='lat' dir='ltr'><em>conscripsit.</em></span> <span class='ocrx_word' id='word_1_129' title='bbox 1140 1375 1324 1426; x_wconf 83' lang='lat' dir='ltr'><em>Laudi</em></span> <span class='ocrx_word' id='word_1_130' title='bbox 1361 1377 1580 1440; x_wconf 86' lang='lat' dir='ltr'><em>accedit,</em></span> <span class='ocrx_word' id='word_1_131' title='bbox 1620 1376 1761 1444; x_wconf 86' lang='lat' dir='ltr'><em>quod</em></span> <span class='ocrx_word' id='word_1_132' title='bbox 1801 1377 1918 1425; x_wconf 87' lang='lat' dir='ltr'><em>ani-</em></span> 
     </span>
     <span class='ocr_line' id='line_1_17' title="bbox 77 1444 1918 1511; baseline -0.001 -16"><span class='ocrx_word' id='word_1_133' title='bbox 77 1463 218 1495; x_wconf 89' lang='lat' dir='ltr'><em>mum</em></span> <span class='ocrx_word' id='word_1_134' title='bbox 243 1444 570 1495; x_wconf 88' lang='lat' dir='ltr'><em>Karolorum</em></span> <span class='ocrx_word' id='word_1_135' title='bbox 609 1445 908 1495; x_wconf 87' lang='lat' dir='ltr'><em>studiosum</em></span> <span class='ocrx_word' id='word_1_136' title='bbox 945 1445 1024 1495; x_wconf 83' lang='lat' dir='ltr'><em>vel</em></span> <span class='ocrx_word' id='word_1_137' title='bbox 1052 1453 1177 1511; x_wconf 89' lang='lat' dir='ltr'><em>post</em></span> <span class='ocrx_word' id='word_1_138' title='bbox 1201 1446 1423 1496; x_wconf 75' lang='lat' dir='ltr'><em>escitium</em></span> <span class='ocrx_word' id='word_1_139' title='bbox 1449 1464 1630 1496; x_wconf 86' lang='lat' dir='ltr'><em>eorum</em></span> <span class='ocrx_word' id='word_1_140' title='bbox 1655 1446 1887 1495; x_wconf 78' lang='lat' dir='ltr'><em>servavit</em></span> <span class='ocrx_word' id='word_1_141' title='bbox 1900 1463 1918 1510; x_wconf 90' lang='grc'><em>,·</em></span> 
     </span>
     <span class='ocr_line' id='line_1_18' title="bbox 77 1512 1917 1583; baseline 0.001 -19"><span class='ocrx_word' id='word_1_142' title='bbox 77 1532 204 1564; x_wconf 89' lang='lat' dir='ltr'><em>nam</em></span> <span class='ocrx_word' id='word_1_143' title='bbox 240 1512 358 1564; x_wconf 87' lang='lat' dir='ltr'><em>licet</em></span> <span class='ocrx_word' id='word_1_144' title='bbox 394 1512 783 1564; x_wconf 84' lang='lat' dir='ltr'><em>Adalberonem</em></span> <span class='ocrx_word' id='word_1_145' title='bbox 821 1522 867 1564; x_wconf 92' lang='lat' dir='ltr'><em>et</em></span> <span class='ocrx_word' id='word_1_146' title='bbox 905 1513 1214 1565; x_wconf 78' lang='lat' dir='ltr'><em>Gerbertum</em></span> <span class='ocrx_word' id='word_1_147' title='bbox 1253 1522 1478 1579; x_wconf 87' lang='lat' dir='ltr'><em>secutus,</em></span> <span class='ocrx_word' id='word_1_148' title='bbox 1528 1533 1716 1583; x_wconf 72' lang='lat' dir='ltr'><em>requm</em></span> <span class='ocrx_word' id='word_1_149' title='bbox 1759 1532 1917 1565; x_wconf 82' lang='lat' dir='ltr'><em>novo-</em></span> 
     </span>
     <span class='ocr_line' id='line_1_19' title="bbox 77 1584 1917 1653; baseline 0.001 -21"><span class='ocrx_word' id='word_1_150' title='bbox 77 1601 199 1633; x_wconf 79' lang='lat' dir='ltr'><em>rum</em></span> <span class='ocrx_word' id='word_1_151' title='bbox 238 1584 606 1634; x_wconf 87' lang='lat' dir='ltr'><em>auctoritatem</em></span> <span class='ocrx_word' id='word_1_152' title='bbox 645 1591 1010 1651; x_wconf 69' lang='lat' dir='ltr'><em>aqnosceretss,</em></span> <span class='ocrx_word' id='word_1_153' title='bbox 1069 1591 1114 1632; x_wconf 89' lang='lat' dir='ltr'><em>et</em></span> <span class='ocrx_word' id='word_1_154' title='bbox 1150 1585 1379 1653; x_wconf 70' lang='lat' dir='ltr'><em>tyranni</em></span> <span class='ocrx_word' id='word_1_155' title='bbox 1427 1584 1756 1648; x_wconf 77' lang='lat' dir='ltr'><em>vocabulum,</em></span> <span class='ocrx_word' id='word_1_156' title='bbox 1816 1601 1917 1650; x_wconf 84' lang='lat' dir='ltr'><em>quo</em></span> 
     </span>
     <span class='ocr_line' id='line_1_20' title="bbox 80 1650 1918 1720; baseline -0.001 -18"><span class='ocrx_word' id='word_1_157' title='bbox 80 1659 239 1702; x_wconf 88' lang='lat' dir='ltr'><em>antea</em></span> <span class='ocrx_word' id='word_1_158' title='bbox 274 1650 484 1703; x_wconf 78' lang='lat' dir='ltr'><em>rebelles</em></span> <span class='ocrx_word' id='word_1_159' title='bbox 522 1660 570 1702; x_wconf 92' lang='lat' dir='ltr'><em>et</em></span> <span class='ocrx_word' id='word_1_160' title='bbox 606 1653 933 1703; x_wconf 76' lang='lat' dir='ltr'><em>desertores⁴</em></span> <span class='ocrx_word' id='word_1_161' title='bbox 970 1652 1166 1703; x_wconf 86' lang='lat' dir='ltr'><em>Karoli</em></span> <span class='ocrx_word' id='word_1_162' title='bbox 1203 1661 1248 1704; x_wconf 91' lang='lat' dir='ltr'><em>et</em></span> <span class='ocrx_word' id='word_1_163' title='bbox 1286 1653 1549 1703; x_wconf 80' lang='lat' dir='ltr'><em>Ludovici</em></span> <span class='ocrx_word' id='word_1_164' title='bbox 1595 1671 1918 1720; x_wconf 81' lang='lat' dir='ltr'><em>nuncupare</em></span> 
     </span>
     <span class='ocr_line' id='line_1_21' title="bbox 79 1719 1918 1790; baseline 0 -18"><span class='ocrx_word' id='word_1_165' title='bbox 79 1719 264 1772; x_wconf 83' lang='lat' dir='ltr'><em>solitus</em></span> <span class='ocrx_word' id='word_1_166' title='bbox 286 1720 546 1788; x_wconf 83' lang='lat' dir='ltr'><em>fuerat5,</em></span> <span class='ocrx_word' id='word_1_167' title='bbox 596 1722 723 1771; x_wconf 86' lang='lat' dir='ltr'><em>inde</em></span> <span class='ocrx_word' id='word_1_168' title='bbox 763 1721 826 1772; x_wconf 91' lang='lat' dir='ltr'><em>ab</em></span> <span class='ocrx_word' id='word_1_169' title='bbox 867 1722 1122 1790; x_wconf 77' lang='lat' dir='ltr'><em>Huqonis</em></span> <span class='ocrx_word' id='word_1_170' title='bbox 1169 1725 1511 1773; x_wconf 69' lang='lat' dir='ltr'><em>coronatione</em></span> <span class='ocrx_word' id='word_1_171' title='bbox 1556 1723 1613 1772; x_wconf 87' lang='lat' dir='ltr'><em>in</em></span> <span class='ocrx_word' id='word_1_172' title='bbox 1654 1722 1918 1772; x_wconf 86' lang='lat' dir='ltr'><em>Karolum</em></span> 
     </span>
     <span class='ocr_line' id='line_1_22' title="bbox 77 1789 1926 1859; baseline 0 -20"><span class='ocrx_word' id='word_1_173' title='bbox 77 1789 457 1857; x_wconf 72' lang='lat' dir='ltr'><em>transferretss,</em></span> <span class='ocrx_word' id='word_1_174' title='bbox 507 1792 621 1859; x_wconf 77' lang='lat' dir='ltr'><em>ejus</em></span> <span class='ocrx_word' id='word_1_175' title='bbox 667 1798 843 1841; x_wconf 84' lang='lat' dir='ltr'><em>tamen</em></span> <span class='ocrx_word' id='word_1_176' title='bbox 893 1809 1089 1841; x_wconf 79' lang='lat' dir='ltr'><em>causae</em></span> <span class='ocrx_word' id='word_1_177' title='bbox 1114 1793 1391 1859; x_wconf 80' lang='lat' dir='ltr'><em>justitiam</em></span> <span class='ocrx_word' id='word_1_178' title='bbox 1428 1792 1643 1842; x_wconf 86' lang='lat' dir='ltr'><em>minime</em></span> <span class='ocrx_word' id='word_1_179' title='bbox 1682 1791 1926 1855; x_wconf 43' lang='lat' dir='ltr'><em>celavit&amp;</em></span> 
     </span>
     <span class='ocr_line' id='line_1_23' title="bbox 79 1858 1919 1928; baseline 0 -18"><span class='ocrx_word' id='word_1_180' title='bbox 79 1867 125 1910; x_wconf 89' lang='lat' dir='ltr'><em>et</em></span> <span class='ocrx_word' id='word_1_181' title='bbox 149 1858 508 1910; x_wconf 84' lang='lat' dir='ltr'><em>Adalberonis</em></span> <span class='ocrx_word' id='word_1_182' title='bbox 534 1860 919 1911; x_wconf 87' lang='lat' dir='ltr'><em>Laudunensis</em></span> <span class='ocrx_word' id='word_1_183' title='bbox 946 1862 1186 1928; x_wconf 86' lang='lat' dir='ltr'><em>episcopi</em></span> <span class='ocrx_word' id='word_1_184' title='bbox 1204 1861 1571 1928; x_wconf 87' lang='lat' dir='ltr'><em>proditio-nem</em></span> <span class='ocrx_word' id='word_1_185' title='bbox 1598 1861 1919 1910; x_wconf 83' lang='lat' dir='ltr'><em>narratione</em></span> 
     </span>
     <span class='ocr_line' id='line_1_24' title="bbox 76 1928 1917 1997; baseline -0.001 -18"><span class='ocrx_word' id='word_1_186' title='bbox 76 1931 203 1996; x_wconf 86' lang='lat' dir='ltr'><em>ipsa</em></span> <span class='ocrx_word' id='word_1_187' title='bbox 242 1947 401 1996; x_wconf 88' lang='lat' dir='ltr'><em>quam</em></span> <span class='ocrx_word' id='word_1_188' title='bbox 439 1930 693 1980; x_wconf 82' lang='lat' dir='ltr'><em>acerrime</em></span> <span class='ocrx_word' id='word_1_189' title='bbox 728 1928 859 1993; x_wconf 83' lang='lat' dir='ltr'><em>fieri</em></span> <span class='ocrx_word' id='word_1_190' title='bbox 885 1937 1102 1997; x_wconf 83' lang='lat' dir='ltr'><em>poterat</em></span> <span class='ocrx_word' id='word_1_191' title='bbox 1139 1930 1494 1997; x_wconf 73' lang='lat' dir='ltr'><em>reprehendit.</em></span> <span class='ocrx_word' id='word_1_192' title='bbox 1569 1930 1634 1978; x_wconf 84' lang='lat' dir='ltr'><em>In</em></span> <span class='ocrx_word' id='word_1_193' title='bbox 1675 1929 1917 1980; x_wconf 87' lang='lat' dir='ltr'><em>conciliis</em></span> 
     </span>
     <span class='ocr_line' id='line_1_25' title="bbox 80 1996 1919 2049; baseline 0 -1"><span class='ocrx_word' id='word_1_194' title='bbox 80 1997 153 2048; x_wconf 89' lang='lat' dir='ltr'><em>ad</em></span> <span class='ocrx_word' id='word_1_195' title='bbox 190 1996 451 2048; x_wconf 79' lang='lat' dir='ltr'><em>Sanctum</em></span> <span class='ocrx_word' id='word_1_196' title='bbox 498 1997 761 2048; x_wconf 85' lang='lat' dir='ltr'><em>Basolum</em></span> <span class='ocrx_word' id='word_1_197' title='bbox 817 2005 862 2047; x_wconf 87' lang='lat' dir='ltr'><em>et</em></span> <span class='ocrx_word' id='word_1_198' title='bbox 907 1999 1230 2049; x_wconf 68' lang='lat' dir='ltr'><em>Illo-somensi</em></span> <span class='ocrx_word' id='word_1_199' title='bbox 1282 1998 1577 2049; x_wconf 77' lang='lat' dir='ltr'><em>scribendis</em></span> <span class='ocrx_word' id='word_1_200' title='bbox 1633 2018 1750 2049; x_wconf 88' lang='lat' dir='ltr'><em>cum</em></span> <span class='ocrx_word' id='word_1_201' title='bbox 1790 1997 1919 2048; x_wconf 77' lang='lat' dir='ltr'><em>Ger-</em></span> 
     </span>
     <span class='ocr_line' id='line_1_26' title="bbox 77 2066 1917 2135; baseline 0.001 -18"><span class='ocrx_word' id='word_1_202' title='bbox 77 2066 217 2117; x_wconf 90' lang='lat' dir='ltr'><em>berto</em></span> <span class='ocrx_word' id='word_1_203' title='bbox 255 2068 315 2116; x_wconf 94' lang='lat' dir='ltr'><em>in</em></span> <span class='ocrx_word' id='word_1_204' title='bbox 353 2068 663 2117; x_wconf 83' lang='lat' dir='ltr'><em>universum</em></span> <span class='ocrx_word' id='word_1_205' title='bbox 700 2069 965 2135; x_wconf 79' lang='lat' dir='ltr'><em>conqruit,</em></span> <span class='ocrx_word' id='word_1_206' title='bbox 1017 2068 1285 2134; x_wconf 75' lang='lat' dir='ltr'><em>quaedam</em></span> <span class='ocrx_word' id='word_1_207' title='bbox 1323 2087 1357 2118; x_wconf 89' lang='lat' dir='ltr'><em>a</em></span> <span class='ocrx_word' id='word_1_208' title='bbox 1397 2066 1645 2119; x_wconf 74' lang='lat' dir='ltr'><em>Gerberto</em></span> <span class='ocrx_word' id='word_1_209' title='bbox 1685 2069 1917 2118; x_wconf 63' lang='lat' dir='ltr'><em>omz&#39;ssass</em></span> 
     </span>
     <span class='ocr_line' id='line_1_27' title="bbox 55 2134 1918 2205; baseline 0.002 -21"><span class='ocrx_word' id='word_1_210' title='bbox 55 2134 299 2203; x_wconf 80' lang='lat' dir='ltr'><em>profert,</em></span> <span class='ocrx_word' id='word_1_211' title='bbox 350 2138 529 2187; x_wconf 90' lang='lat' dir='ltr'><em>omnia</em></span> <span class='ocrx_word' id='word_1_212' title='bbox 576 2143 766 2201; x_wconf 90' lang='lat' dir='ltr'><em>tamen,</em></span> <span class='ocrx_word' id='word_1_213' title='bbox 806 2144 865 2186; x_wconf 91' lang='lat' dir='ltr'><em>ut</em></span> <span class='ocrx_word' id='word_1_214' title='bbox 903 2138 1081 2205; x_wconf 88' lang='lat' dir='ltr'><em>operis</em></span> <span class='ocrx_word' id='word_1_215' title='bbox 1128 2138 1430 2188; x_wconf 82' lang='lat' dir='ltr'><em>institutum</em></span> <span class='ocrx_word' id='word_1_216' title='bbox 1479 2137 1748 2205; x_wconf 85' lang='lat' dir='ltr'><em>poscebat,</em></span> <span class='ocrx_word' id='word_1_217' title='bbox 1794 2138 1918 2188; x_wconf 86' lang='lat' dir='ltr'><em>bene</em></span> 
     </span>
     <span class='ocr_line' id='line_1_28' title="bbox 77 2205 1918 2276; baseline 0.002 -22"><span class='ocrx_word' id='word_1_218' title='bbox 77 2212 328 2272; x_wconf 87' lang='lat' dir='ltr'><em>concepta</em></span> <span class='ocrx_word' id='word_1_219' title='bbox 366 2207 628 2256; x_wconf 83' lang='lat' dir='ltr'><em>succincte</em></span> <span class='ocrx_word' id='word_1_220' title='bbox 665 2207 928 2274; x_wconf 78' lang='lat' dir='ltr'><em>eocposuit.</em></span> <span class='ocrx_word' id='word_1_221' title='bbox 1001 2205 1138 2256; x_wconf 86' lang='lat' dir='ltr'><em>Acta</em></span> <span class='ocrx_word' id='word_1_222' title='bbox 1180 2206 1244 2257; x_wconf 91' lang='lat' dir='ltr'><em>ab</em></span> <span class='ocrx_word' id='word_1_223' title='bbox 1284 2214 1506 2276; x_wconf 85' lang='lat' dir='ltr'><em>utroque</em></span> <span class='ocrx_word' id='word_1_224' title='bbox 1542 2208 1746 2258; x_wconf 88' lang='lat' dir='ltr'><em>inserta</em></span> <span class='ocrx_word' id='word_1_225' title='bbox 1773 2225 1918 2275; x_wconf 88' lang='lat' dir='ltr'><em>pau-</em></span> 
     </span>
     <span class='ocr_line' id='line_1_29' title="bbox 77 2274 1916 2344; baseline 0.001 -20"><span class='ocrx_word' id='word_1_226' title='bbox 77 2274 306 2324; x_wconf 88' lang='lat' dir='ltr'><em>cissimis</em></span> <span class='ocrx_word' id='word_1_227' title='bbox 343 2281 389 2325; x_wconf 89' lang='lat' dir='ltr'><em>et</em></span> <span class='ocrx_word' id='word_1_228' title='bbox 425 2274 630 2326; x_wconf 88' lang='lat' dir='ltr'><em>nullius</em></span> <span class='ocrx_word' id='word_1_229' title='bbox 667 2277 914 2326; x_wconf 86' lang='lat' dir='ltr'><em>momenti</em></span> <span class='ocrx_word' id='word_1_230' title='bbox 958 2276 1174 2326; x_wconf 85' lang='lat' dir='ltr'><em>vocibus</em></span> <span class='ocrx_word' id='word_1_231' title='bbox 1226 2276 1554 2344; x_wconf 82' lang='lat' dir='ltr'><em>discrepant,</em></span> <span class='ocrx_word' id='word_1_232' title='bbox 1607 2276 1699 2328; x_wconf 83' lang='lat' dir='ltr'><em>ubi</em></span> <span class='ocrx_word' id='word_1_233' title='bbox 1737 2277 1916 2344; x_wconf 82' lang='lat' dir='ltr'><em>cujus-</em></span> 
     </span>
     <span class='ocr_line' id='line_1_30' title="bbox 76 2344 1307 2413; baseline 0.001 -21"><span class='ocrx_word' id='word_1_234' title='bbox 76 2361 204 2393; x_wconf 87' lang='lat' dir='ltr'><em>nam</em></span> <span class='ocrx_word' id='word_1_235' title='bbox 243 2345 538 2394; x_wconf 84' lang='lat' dir='ltr'><em>auctoritas</em></span> <span class='ocrx_word' id='word_1_236' title='bbox 567 2344 904 2412; x_wconf 82' lang='lat' dir='ltr'><em>praevaleat,</em></span> <span class='ocrx_word' id='word_1_237' title='bbox 943 2345 1094 2395; x_wconf 87' lang='lat' dir='ltr'><em>haud</em></span> <span class='ocrx_word' id='word_1_238' title='bbox 1129 2344 1307 2413; x_wconf 88' lang='lat' dir='ltr'><em>liquet.</em></span> 
     </span>
    </p>

    <p class='ocr_par' dir='ltr' id='par_1_3' title="bbox 75 2411 1919 2965">
     <span class='ocr_line' id='line_1_31' title="bbox 224 2411 1919 2482; baseline -0.001 -19"><span class='ocrx_word' id='word_1_239' title='bbox 224 2411 373 2481; x_wconf 87' lang='lat' dir='ltr'><em>Opus</em></span> <span class='ocrx_word' id='word_1_240' title='bbox 421 2415 594 2481; x_wconf 78' lang='lat' dir='ltr'><em>iqitur</em></span> <span class='ocrx_word' id='word_1_241' title='bbox 644 2414 718 2465; x_wconf 90' lang='lat' dir='ltr'><em>ad</em></span> <span class='ocrx_word' id='word_1_242' title='bbox 766 2413 969 2465; x_wconf 88' lang='lat' dir='ltr'><em>lancem</em></span> <span class='ocrx_word' id='word_1_243' title='bbox 1022 2432 1322 2482; x_wconf 85' lang='lat' dir='ltr'><em>appensum</em></span> <span class='ocrx_word' id='word_1_244' title='bbox 1373 2422 1641 2465; x_wconf 87' lang='lat' dir='ltr'><em>auctorem</em></span> <span class='ocrx_word' id='word_1_245' title='bbox 1694 2414 1919 2465; x_wconf 89' lang='lat' dir='ltr'><em>ostendit</em></span> 
     </span>
     <span class='ocr_line' id='line_1_32' title="bbox 77 2481 1916 2551; baseline 0 -19"><span class='ocrx_word' id='word_1_246' title='bbox 77 2481 394 2546; x_wconf 81' lang='lat' dir='ltr'><em>benevolum,</em></span> <span class='ocrx_word' id='word_1_247' title='bbox 441 2501 674 2550; x_wconf 61' lang='lat' dir='ltr'><em>qraveoii,</em></span> <span class='ocrx_word' id='word_1_248' title='bbox 725 2501 989 2551; x_wconf 79' lang='lat' dir='ltr'><em>saqacem,</em></span> <span class='ocrx_word' id='word_1_249' title='bbox 1040 2485 1201 2533; x_wconf 79' lang='lat' dir='ltr'><em>varia</em></span> <span class='ocrx_word' id='word_1_250' title='bbox 1250 2484 1571 2534; x_wconf 84' lang='lat' dir='ltr'><em>eruditionis</em></span> <span class='ocrx_word' id='word_1_251' title='bbox 1618 2485 1788 2551; x_wconf 89' lang='lat' dir='ltr'><em>specie</em></span> <span class='ocrx_word' id='word_1_252' title='bbox 1834 2484 1916 2533; x_wconf 91' lang='lat' dir='ltr'><em>in-</em></span> 
     </span>
     <span class='ocr_line' id='line_1_33' title="bbox 77 2552 1919 2621; baseline 0 -21"><span class='ocrx_word' id='word_1_253' title='bbox 77 2557 348 2614; x_wconf 84' lang='lat' dir='ltr'><em>structum,</em></span> <span class='ocrx_word' id='word_1_254' title='bbox 395 2567 576 2601; x_wconf 87' lang='lat' dir='ltr'><em>rerum</em></span> <span class='ocrx_word' id='word_1_255' title='bbox 612 2553 672 2601; x_wconf 93' lang='lat' dir='ltr'><em>in</em></span> <span class='ocrx_word' id='word_1_256' title='bbox 711 2571 909 2602; x_wconf 87' lang='lat' dir='ltr'><em>causas</em></span> <span class='ocrx_word' id='word_1_257' title='bbox 955 2554 1228 2621; x_wconf 74' lang='lat' dir='ltr'><em>inquirere</em></span> <span class='ocrx_word' id='word_1_258' title='bbox 1276 2552 1504 2616; x_wconf 85' lang='lat' dir='ltr'><em>solitum,</em></span> <span class='ocrx_word' id='word_1_259' title='bbox 1554 2553 1826 2603; x_wconf 82' lang='lat' dir='ltr'><em>hominum</em></span> <span class='ocrx_word' id='word_1_260' title='bbox 1873 2559 1919 2600; x_wconf 89' lang='lat' dir='ltr'><em>et</em></span> 
     </span>
     <span class='ocr_line' id='line_1_34' title="bbox 76 2619 1917 2689; baseline 0.001 -21"><span class='ocrx_word' id='word_1_261' title='bbox 76 2636 256 2669; x_wconf 86' lang='lat' dir='ltr'><em>rerum</em></span> <span class='ocrx_word' id='word_1_262' title='bbox 294 2620 387 2687; x_wconf 89' lang='lat' dir='ltr'><em>qui</em></span> <span class='ocrx_word' id='word_1_263' title='bbox 425 2619 498 2669; x_wconf 89' lang='lat' dir='ltr'><em>ad</em></span> <span class='ocrx_word' id='word_1_264' title='bbox 534 2620 815 2670; x_wconf 72' lang='lat' dir='ltr'><em>historiam</em></span> <span class='ocrx_word' id='word_1_265' title='bbox 841 2621 929 2670; x_wconf 81' lang='lat' dir='ltr'><em>sui</em></span> <span class='ocrx_word' id='word_1_266' title='bbox 958 2624 1210 2688; x_wconf 87' lang='lat' dir='ltr'><em>temporis</em></span> <span class='ocrx_word' id='word_1_267' title='bbox 1231 2621 1486 2688; x_wconf 85' lang='lat' dir='ltr'><em>facerent</em></span> <span class='ocrx_word' id='word_1_268' title='bbox 1514 2621 1638 2672; x_wconf 90' lang='lat' dir='ltr'><em>bene</em></span> <span class='ocrx_word' id='word_1_269' title='bbox 1664 2639 1917 2689; x_wconf 76' lang='lat' dir='ltr'><em>qnarum,</em></span> 
     </span>
     <span class='ocr_line' id='line_1_35' title="bbox 76 2689 1916 2757; baseline 0.001 -19"><span class='ocrx_word' id='word_1_270' title='bbox 76 2689 272 2756; x_wconf 85' lang='lat' dir='ltr'><em>quique</em></span> <span class='ocrx_word' id='word_1_271' title='bbox 321 2689 686 2740; x_wconf 81' lang='lat' dir='ltr'><em>Romanorum</em></span> <span class='ocrx_word' id='word_1_272' title='bbox 735 2689 971 2757; x_wconf 78' lang='lat' dir='ltr'><em>eocemplo</em></span> <span class='ocrx_word' id='word_1_273' title='bbox 1020 2690 1302 2740; x_wconf 85' lang='lat' dir='ltr'><em>historiam</em></span> <span class='ocrx_word' id='word_1_274' title='bbox 1349 2690 1574 2741; x_wconf 88' lang='lat' dir='ltr'><em>scribere</em></span> <span class='ocrx_word' id='word_1_275' title='bbox 1626 2690 1916 2741; x_wconf 82' lang='lat' dir='ltr'><em>didicisset.</em></span> 
     </span>
     <span class='ocr_line' id='line_1_36' title="bbox 75 2756 1915 2827; baseline 0.001 -21"><span class='ocrx_word' id='word_1_276' title='bbox 75 2756 217 2807; x_wconf 86' lang='lat' dir='ltr'><em>Prae</em></span> <span class='ocrx_word' id='word_1_277' title='bbox 256 2756 381 2808; x_wconf 87' lang='lat' dir='ltr'><em>aliis</em></span> <span class='ocrx_word' id='word_1_278' title='bbox 420 2759 581 2808; x_wconf 89' lang='lat' dir='ltr'><em>etiam</em></span> <span class='ocrx_word' id='word_1_279' title='bbox 618 2759 706 2809; x_wconf 88' lang='lat' dir='ltr'><em>sui</em></span> <span class='ocrx_word' id='word_1_280' title='bbox 744 2760 864 2808; x_wconf 85' lang='lat' dir='ltr'><em>aevi</em></span> <span class='ocrx_word' id='word_1_281' title='bbox 900 2759 1252 2825; x_wconf 85' lang='lat' dir='ltr'><em>scriptoribus</em></span> <span class='ocrx_word' id='word_1_282' title='bbox 1267 2760 1477 2827; x_wconf 88' lang='lat' dir='ltr'><em>peritia</em></span> <span class='ocrx_word' id='word_1_283' title='bbox 1505 2761 1640 2809; x_wconf 87' lang='lat' dir='ltr'><em>artis</em></span> <span class='ocrx_word' id='word_1_284' title='bbox 1668 2758 1915 2809; x_wconf 78' lang='lat' dir='ltr'><em>bellicae9</em></span> 
     </span>
     <span class='ocr_line' id='line_1_37' title="bbox 76 2825 1917 2896; baseline 0 -19"><span class='ocrx_word' id='word_1_285' title='bbox 76 2833 122 2877; x_wconf 91' lang='lat' dir='ltr'><em>et</em></span> <span class='ocrx_word' id='word_1_286' title='bbox 157 2825 391 2877; x_wconf 88' lang='lat' dir='ltr'><em>locorum</em></span> <span class='ocrx_word' id='word_1_287' title='bbox 408 2836 449 2863; x_wconf 91' lang='lat'><em>¹0</em></span> <span class='ocrx_word' id='word_1_288' title='bbox 487 2827 679 2895; x_wconf 86' lang='lat' dir='ltr'><em>quibus</em></span> <span class='ocrx_word' id='word_1_289' title='bbox 703 2844 788 2878; x_wconf 89' lang='lat' dir='ltr'><em>res</em></span> <span class='ocrx_word' id='word_1_290' title='bbox 813 2834 990 2895; x_wconf 79' lang='lat' dir='ltr'><em>qestae</em></span> <span class='ocrx_word' id='word_1_291' title='bbox 1018 2835 1141 2877; x_wconf 84' lang='lat' dir='ltr'><em>sunt</em></span> <span class='ocrx_word' id='word_1_292' title='bbox 1166 2829 1418 2896; x_wconf 75' lang='lat' dir='ltr'><em>insiqnis,</em></span> <span class='ocrx_word' id='word_1_293' title='bbox 1455 2829 1526 2879; x_wconf 92' lang='lat' dir='ltr'><em>iis</em></span> <span class='ocrx_word' id='word_1_294' title='bbox 1554 2829 1917 2880; x_wconf 84' lang='lat' dir='ltr'><em>describendis</em></span> 
     </span>
     <span class='ocr_line' id='line_1_38' title="bbox 77 2894 1917 2965; baseline 0.001 -19"><span class='ocrx_word' id='word_1_295' title='bbox 77 2913 294 2962; x_wconf 83' lang='lat' dir='ltr'><em>operam</em></span> <span class='ocrx_word' id='word_1_296' title='bbox 328 2896 489 2947; x_wconf 87' lang='lat' dir='ltr'><em>dedit.</em></span> <span class='ocrx_word' id='word_1_297' title='bbox 561 2897 792 2947; x_wconf 87' lang='lat' dir='ltr'><em>Errores</em></span> <span class='ocrx_word' id='word_1_298' title='bbox 818 2897 984 2947; x_wconf 87' lang='lat' dir='ltr'><em>nimio</em></span> <span class='ocrx_word' id='word_1_299' title='bbox 1012 2894 1221 2965; x_wconf 78' lang='lat' dir='ltr'><em>qloriae</em></span> <span class='ocrx_word' id='word_1_300' title='bbox 1237 2900 1463 2965; x_wconf 85' lang='lat' dir='ltr'><em>patriae</em></span> <span class='ocrx_word' id='word_1_301' title='bbox 1490 2898 1666 2949; x_wconf 86' lang='lat' dir='ltr'><em>studio</em></span> <span class='ocrx_word' id='word_1_302' title='bbox 1693 2906 1738 2947; x_wconf 85' lang='lat' dir='ltr'><em>et</em></span> <span class='ocrx_word' id='word_1_303' title='bbox 1764 2899 1917 2948; x_wconf 79' lang='lat' dir='ltr'><em>vani-</em></span> 
     </span>
    </p>
   </div>
   <div class='ocr_carea' id='block_1_3' title="bbox 75 3065 1916 3243">
    <p class='ocr_par' dir='ltr' id='par_1_4' title="bbox 75 3065 1916 3243">
     <span class='ocr_line' id='line_1_39' title="bbox 201 3065 1916 3121; baseline 0.001 -16"><span class='ocrx_word' id='word_1_304' title='bbox 201 3065 245 3121; x_wconf 91' lang='lat'><em>1)</em></span> <span class='ocrx_word' id='word_1_305' title='bbox 280 3081 316 3108; x_wconf 86' lang='lat' dir='ltr'><em>e.</em></span> <span class='ocrx_word' id='word_1_306' title='bbox 352 3081 393 3120; x_wconf 82' lang='lat' dir='ltr'><em>g.</em></span> <span class='ocrx_word' id='word_1_307' title='bbox 428 3068 489 3118; x_wconf 94' lang='grc' dir='ltr'><em>ΙΙ,</em></span> <span class='ocrx_word' id='word_1_308' title='bbox 527 3068 654 3107; x_wconf 83' lang='lat'><em>1—5.</em></span> <span class='ocrx_word' id='word_1_309' title='bbox 693 3069 886 3108; x_wconf 80' lang='lat'><em>16—20.</em></span> <span class='ocrx_word' id='word_1_310' title='bbox 921 3069 1114 3108; x_wconf 77' lang='lat'><em>30-35.</em></span> <span class='ocrx_word' id='word_1_311' title='bbox 1152 3069 1260 3106; x_wconf 83' lang='lat'><em>51—</em></span> <span class='ocrx_word' id='word_1_312' title='bbox 1284 3070 1355 3110; x_wconf 79' lang='lat'><em>59.</em></span> <span class='ocrx_word' id='word_1_313' title='bbox 1392 3070 1605 3110; x_wconf 82' lang='lat'><em>87—90.</em></span> <span class='ocrx_word' id='word_1_314' title='bbox 1642 3070 1711 3109; x_wconf 81' lang='lat'><em>93.</em></span> <span class='ocrx_word' id='word_1_315' title='bbox 1749 3069 1828 3118; x_wconf 78' lang='lat'><em>943</em></span> <span class='ocrx_word' id='word_1_316' title='bbox 1871 3070 1916 3108; x_wconf 89' lang='lat' dir='ltr'><em>in</em></span> 
     </span>
     <span class='ocr_line' id='line_1_40' title="bbox 76 3126 1916 3183; baseline 0.001 -17"><span class='ocrx_word' id='word_1_317' title='bbox 76 3128 290 3181; x_wconf 87' lang='lat' dir='ltr'><em>principio</em></span> <span class='ocrx_word' id='word_1_318' title='bbox 324 3128 522 3168; x_wconf 84' lang='lat' dir='ltr'><em>Lotharii</em></span> <span class='ocrx_word' id='word_1_319' title='bbox 553 3129 641 3176; x_wconf 92' lang='lat' dir='ltr'><em>III,</em></span> <span class='ocrx_word' id='word_1_320' title='bbox 677 3129 838 3167; x_wconf 78' lang='lat'><em>6—10.</em></span> <span class='ocrx_word' id='word_1_321' title='bbox 963 3126 1011 3180; x_wconf 81' lang='lat'><em>2)</em></span> <span class='ocrx_word' id='word_1_322' title='bbox 1047 3142 1083 3168; x_wconf 86' lang='lat' dir='ltr'><em>e.</em></span> <span class='ocrx_word' id='word_1_323' title='bbox 1110 3141 1152 3180; x_wconf 83' lang='lat' dir='ltr'><em>g.</em></span> <span class='ocrx_word' id='word_1_324' title='bbox 1186 3129 1249 3177; x_wconf 91' lang='grc' dir='ltr'><em>ΙΙ,</em></span> <span class='ocrx_word' id='word_1_325' title='bbox 1284 3130 1340 3168; x_wconf 90' lang='lat'><em>30</em></span> <span class='ocrx_word' id='word_1_326' title='bbox 1375 3144 1470 3183; x_wconf 87' lang='lat' dir='ltr'><em>sqq.</em></span> <span class='ocrx_word' id='word_1_327' title='bbox 1505 3130 1561 3169; x_wconf 80' lang='lat' dir='ltr'><em>ad</em></span> <span class='ocrx_word' id='word_1_328' title='bbox 1597 3130 1777 3170; x_wconf 84' lang='lat' dir='ltr'><em>caedem</em></span> <span class='ocrx_word' id='word_1_329' title='bbox 1806 3129 1916 3168; x_wconf 84' lang='lat' dir='ltr'><em>Wil-</em></span> 
     </span>
     <span class='ocr_line' id='line_1_41' title="bbox 75 3186 1916 3243; baseline 0.001 -17"><span class='ocrx_word' id='word_1_330' title='bbox 75 3186 211 3227; x_wconf 88' lang='lat' dir='ltr'><em>helmi</em></span> <span class='ocrx_word' id='word_1_331' title='bbox 251 3189 616 3228; x_wconf 83' lang='lat' dir='ltr'><em>Nortmannorum</em></span> <span class='ocrx_word' id='word_1_332' title='bbox 664 3188 787 3229; x_wconf 73' lang='lat' dir='ltr'><em>ducis</em></span> <span class='ocrx_word' id='word_1_333' title='bbox 822 3190 972 3229; x_wconf 82' lang='lat' dir='ltr'><em>Ottoni</em></span> <span class='ocrx_word' id='word_1_334' title='bbox 1014 3189 1178 3240; x_wconf 78' lang='lat' dir='ltr'><em>Magno</em></span> <span class='ocrx_word' id='word_1_335' title='bbox 1223 3190 1525 3243; x_wconf 84' lang='lat' dir='ltr'><em>imputandam</em></span> <span class='ocrx_word' id='word_1_336' title='bbox 1568 3192 1695 3230; x_wconf 81' lang='lat' dir='ltr'><em>unius</em></span> <span class='ocrx_word' id='word_1_337' title='bbox 1738 3189 1916 3229; x_wconf 87' lang='lat' dir='ltr'><em>Richeri</em></span> 
     </span>
    </p>
   </div>
   <div class='ocr_carea' id='block_1_4' title="bbox 76 3248 1915 3484">
    <p class='ocr_par' dir='ltr' id='par_1_5' title="bbox 76 3248 1915 3484">
     <span class='ocr_line' id='line_1_42' title="bbox 76 3248 1915 3303; baseline 0.001 -16"><span class='ocrx_word' id='word_1_338' title='bbox 76 3249 313 3289; x_wconf 80' lang='lat' dir='ltr'><em>auctoritas</em></span> <span class='ocrx_word' id='word_1_339' title='bbox 358 3262 446 3289; x_wconf 88' lang='lat' dir='ltr'><em>non</em></span> <span class='ocrx_word' id='word_1_340' title='bbox 493 3248 668 3289; x_wconf 83' lang='lat' dir='ltr'><em>sufficit.</em></span> <span class='ocrx_word' id='word_1_341' title='bbox 805 3248 850 3300; x_wconf 82' lang='grc'><em>3)</em></span> <span class='ocrx_word' id='word_1_342' title='bbox 885 3250 1156 3297; x_wconf 82' lang='lat' dir='ltr'><em>Rotbertum,</em></span> <span class='ocrx_word' id='word_1_343' title='bbox 1207 3250 1407 3291; x_wconf 78' lang='lat' dir='ltr'><em>Gerberti</em></span> <span class='ocrx_word' id='word_1_344' title='bbox 1456 3250 1734 3303; x_wconf 84' lang='lat' dir='ltr'><em>discipulum,</em></span> <span class='ocrx_word' id='word_1_345' title='bbox 1785 3250 1915 3289; x_wconf 84' lang='lat' dir='ltr'><em>etiam</em></span> 
     </span>
     <span class='ocr_line' id='line_1_43' title="bbox 77 3308 1914 3362; baseline -0.001 -15"><span class='ocrx_word' id='word_1_346' title='bbox 77 3309 251 3348; x_wconf 83' lang='lat' dir='ltr'><em>novisse</em></span> <span class='ocrx_word' id='word_1_347' title='bbox 282 3308 478 3359; x_wconf 81' lang='lat' dir='ltr'><em>videtur3</em></span> <span class='ocrx_word' id='word_1_348' title='bbox 527 3309 681 3349; x_wconf 74' lang='lat' dir='ltr'><em>laudat</em></span> <span class='ocrx_word' id='word_1_349' title='bbox 714 3322 810 3348; x_wconf 84' lang='lat' dir='ltr'><em>eum</em></span> <span class='ocrx_word' id='word_1_350' title='bbox 845 3310 921 3359; x_wconf 86' lang='lat' dir='ltr'><em>IV,</em></span> <span class='ocrx_word' id='word_1_351' title='bbox 961 3310 1027 3348; x_wconf 85' lang='lat'><em>13.</em></span> <span class='ocrx_word' id='word_1_352' title='bbox 1167 3309 1214 3362; x_wconf 81' lang='lat'><em>4)</em></span> <span class='ocrx_word' id='word_1_353' title='bbox 1248 3311 1284 3358; x_wconf 87' lang='grc' dir='ltr'><em>Ι,</em></span> <span class='ocrx_word' id='word_1_354' title='bbox 1318 3311 1390 3352; x_wconf 83' lang='grc'><em>46.</em></span> <span class='ocrx_word' id='word_1_355' title='bbox 1518 3309 1563 3362; x_wconf 84' lang='grc'><em>5)</em></span> <span class='ocrx_word' id='word_1_356' title='bbox 1600 3323 1635 3351; x_wconf 80' lang='lat' dir='ltr'><em>e.</em></span> <span class='ocrx_word' id='word_1_357' title='bbox 1671 3324 1713 3362; x_wconf 87' lang='lat' dir='ltr'><em>g.</em></span> <span class='ocrx_word' id='word_1_358' title='bbox 1747 3311 1808 3357; x_wconf 90' lang='grc' dir='ltr'><em>ΙΙ,</em></span> <span class='ocrx_word' id='word_1_359' title='bbox 1843 3309 1914 3347; x_wconf 81' lang='lat'><em>27.</em></span> 
     </span>
     <span class='ocr_line' id='line_1_44' title="bbox 78 3363 1912 3424; baseline 0.001 -18"><span class='ocrx_word' id='word_1_360' title='bbox 78 3363 126 3420; x_wconf 89' lang='grc'><em>6)</em></span> <span class='ocrx_word' id='word_1_361' title='bbox 160 3369 237 3417; x_wconf 92' lang='lat' dir='ltr'><em>IV,</em></span> <span class='ocrx_word' id='word_1_362' title='bbox 271 3369 342 3409; x_wconf 83' lang='lat'><em>18.</em></span> <span class='ocrx_word' id='word_1_363' title='bbox 468 3367 512 3420; x_wconf 82' lang='lat'><em>7)</em></span> <span class='ocrx_word' id='word_1_364' title='bbox 546 3370 623 3417; x_wconf 88' lang='lat' dir='ltr'><em>IV,</em></span> <span class='ocrx_word' id='word_1_365' title='bbox 658 3370 730 3408; x_wconf 85' lang='lat'><em>39.</em></span> <span class='ocrx_word' id='word_1_366' title='bbox 872 3368 920 3420; x_wconf 90' lang='lat'><em>8)</em></span> <span class='ocrx_word' id='word_1_367' title='bbox 955 3368 1172 3410; x_wconf 79' lang='lat' dir='ltr'><em>Gnidonis</em></span> <span class='ocrx_word' id='word_1_368' title='bbox 1215 3372 1412 3424; x_wconf 83' lang='lat' dir='ltr'><em>episcopi</em></span> <span class='ocrx_word' id='word_1_369' title='bbox 1459 3372 1700 3411; x_wconf 80' lang='lat' dir='ltr'><em>orationem</em></span> <span class='ocrx_word' id='word_1_370' title='bbox 1745 3370 1823 3419; x_wconf 90' lang='lat' dir='ltr'><em>IV,</em></span> <span class='ocrx_word' id='word_1_371' title='bbox 1859 3369 1912 3407; x_wconf 90' lang='lat'><em>63</em></span> 
     </span>
     <span class='ocr_line' id='line_1_45' title="bbox 79 3424 1913 3484; baseline 0.001 -17"><span class='ocrx_word' id='word_1_372' title='bbox 79 3424 226 3480; x_wconf 82' lang='lat' dir='ltr'><em>[quam</em></span> <span class='ocrx_word' id='word_1_373' title='bbox 259 3427 405 3468; x_wconf 84' lang='lat' dir='ltr'><em>fictam</em></span> <span class='ocrx_word' id='word_1_374' title='bbox 439 3429 662 3483; x_wconf 85' lang='lat' dir='ltr'><em>putarim].</em></span> <span class='ocrx_word' id='word_1_375' title='bbox 803 3427 850 3482; x_wconf 88' lang='grc'><em>9)</em></span> <span class='ocrx_word' id='word_1_376' title='bbox 887 3429 953 3469; x_wconf 85' lang='lat' dir='ltr'><em>Cf.</em></span> <span class='ocrx_word' id='word_1_377' title='bbox 988 3429 1304 3482; x_wconf 80' lang='lat' dir='ltr'><em>descriptiones</em></span> <span class='ocrx_word' id='word_1_378' title='bbox 1338 3444 1581 3484; x_wconf 85' lang='lat' dir='ltr'><em>pugnarum</em></span> <span class='ocrx_word' id='word_1_379' title='bbox 1617 3435 1660 3470; x_wconf 80' lang='lat' dir='ltr'><em>et</em></span> <span class='ocrx_word' id='word_1_380' title='bbox 1691 3430 1913 3469; x_wconf 84' lang='lat' dir='ltr'><em>maehina-</em></span> 
     </span>
    </p>
   </div>
   <div class='ocr_carea' id='block_1_5' title="bbox 77 3488 1912 3602">
    <p class='ocr_par' dir='ltr' id='par_1_6' title="bbox 77 3488 1912 3602">
     <span class='ocr_line' id='line_1_46' title="bbox 77 3488 1912 3544; baseline 0.001 -18"><span class='ocrx_word' id='word_1_381' title='bbox 77 3499 170 3526; x_wconf 85' lang='lat' dir='ltr'><em>rum</em></span> <span class='ocrx_word' id='word_1_382' title='bbox 201 3488 459 3529; x_wconf 85' lang='lat' dir='ltr'><em>bellicarum</em></span> <span class='ocrx_word' id='word_1_383' title='bbox 493 3489 529 3539; x_wconf 93' lang='lat' dir='ltr'><em>I,</em></span> <span class='ocrx_word' id='word_1_384' title='bbox 562 3488 587 3526; x_wconf 88' lang='lat'>8</span> <span class='ocrx_word' id='word_1_385' title='bbox 620 3503 716 3542; x_wconf 88' lang='lat' dir='ltr'><em>sqq.</em></span> <span class='ocrx_word' id='word_1_386' title='bbox 779 3490 841 3537; x_wconf 89' lang='grc' dir='ltr'><em>ΙΙ,</em></span> <span class='ocrx_word' id='word_1_387' title='bbox 879 3490 946 3531; x_wconf 90' lang='grc'><em>10.</em></span> <span class='ocrx_word' id='word_1_388' title='bbox 981 3490 1052 3530; x_wconf 87' lang='grc'><em>35.</em></span> <span class='ocrx_word' id='word_1_389' title='bbox 1087 3490 1158 3529; x_wconf 84' lang='grc'><em>45.</em></span> <span class='ocrx_word' id='word_1_390' title='bbox 1219 3491 1303 3544; x_wconf 93' lang='lat'><em>111,</em></span> <span class='ocrx_word' id='word_1_391' title='bbox 1339 3490 1380 3532; x_wconf 89' lang='grc'><em>8.</em></span> <span class='ocrx_word' id='word_1_392' title='bbox 1418 3491 1667 3531; x_wconf 73' lang='lat'>103-107,</span> <span class='ocrx_word' id='word_1_393' title='bbox 1727 3491 1804 3538; x_wconf 89' lang='lat' dir='ltr'><em>IV,</em></span> <span class='ocrx_word' id='word_1_394' title='bbox 1842 3490 1912 3528; x_wconf 84' lang='lat'><em>17.</em></span> 
     </span>
     <span class='ocr_line' id='line_1_47' title="bbox 80 3545 1235 3602; baseline 0.006 -18"><span class='ocrx_word' id='word_1_395' title='bbox 80 3545 150 3587; x_wconf 86' lang='lat'><em>19.</em></span> <span class='ocrx_word' id='word_1_396' title='bbox 183 3547 255 3588; x_wconf 82' lang='lat'><em>22.</em></span> <span class='ocrx_word' id='word_1_397' title='bbox 382 3547 457 3602; x_wconf 85' lang='lat'><em>10)</em></span> <span class='ocrx_word' id='word_1_398' title='bbox 491 3562 529 3589; x_wconf 87' lang='lat' dir='ltr'><em>e.</em></span> <span class='ocrx_word' id='word_1_399' title='bbox 563 3562 606 3601; x_wconf 87' lang='lat' dir='ltr'><em>g.</em></span> <span class='ocrx_word' id='word_1_400' title='bbox 638 3550 725 3598; x_wconf 92' lang='grc' dir='ltr'>ΙΙΙ,</span> <span class='ocrx_word' id='word_1_401' title='bbox 762 3550 861 3589; x_wconf 92' lang='grc'><strong>101.</strong></span> <span class='ocrx_word' id='word_1_402' title='bbox 896 3549 1081 3591; x_wconf 72' lang='lat' dir='ltr'><em>Vix-duni</em></span> <span class='ocrx_word' id='word_1_403' title='bbox 1113 3550 1235 3591; x_wconf 84' lang='lat' dir='ltr'><em>situs.</em></span> 
     </span>
    </p>
   </div>
  </div>
 </body>
</html>
