2240 3879
491 267 745 310 RICHERI
777 269 1192 311 HISTORIARUM
1224 270 1408 311 LIBER
1441 274 1474 313 I.
1852 276 1905 314 19

103 422 226 456 uam
272 403 672 455 malivoloruma
720 405 918 456 invidia
964 405 1196 456 animum
1244 407 1516 471 remisisti,
1563 409 1903 463 circumcirca
1920 432 2000 466 920.

69 424 396 526 discordiaeb
433 474 550 524 visb
587 492 618 524 a
653 472 881 527 latibulis
908 475 1131 529 emersit.
1194 475 1344 538 Quae
1379 493 1462 527 res
1488 475 1700 528 domino
1726 487 1901 531 nostro

66 543 180 611 regi
237 540 413 610 apudb
459 543 541 594 teb
593 551 795 594 oratum
854 543 929 593 ire
989 543 1151 593 suasit
1166 552 1200 593 0.
1283 542 1522 595 Antehac
1578 547 1752 597 enimb
1795 566 1900 598 non

66 609 398 662 mediocriter
423 609 488 661 ob
515 612 641 661 tuad
678 611 864 662 merita
889 608 1258 662 dilectissimus
1286 611 1444 663 fuisti.
1508 613 1652 664 *Tua
1689 617 1901 683 egregia
1920 633 1931 645 ·
1948 635 2009 668 fol.
2036 636 2082 667 ε’.

65 679 194 731 fides
232 680 279 730 ei
313 680 599 747 recognita,
635 680 689 729 in
725 679 929 747 magnis
966 679 1212 747 periculis
1249 679 1468 732 multam
1513 681 1613 733 sibi
1666 681 1904 734 fidutiam

65 755 230 818 parat.
305 746 440 798 Cum
477 750 635 798 totius
673 754 811 798 statu
847 746 1116 816 dignitatis
1152 749 1280 800 rexb
1317 750 1595 817 potiretur,
1632 750 1904 818 paululum

65 834 96 867 a
126 825 176 868 te
215 815 524 868 oberrasse0
561 833 673 867 sese
710 832 814 866 non
850 817 1073 884 ignorat.
1148 816 1284 868 Sedf
1315 818 1371 869 id
1407 818 1571 871 multa
1608 819 1710 871 fide
1750 820 1904 871 corri-

65 894 222 954 gereg
259 885 429 953 gestit.
502 883 613 935 Nec
651 892 729 936 est
764 883 864 936 hoc
901 885 1205 937 inusitatum
1243 893 1293 937 et
1329 886 1591 955 singulare
1606 891 1643 939 *.
1724 887 1904 940 Omni-

65 972 153 1004 um
203 962 282 1005 est
328 953 588 1004 interdum
637 952 892 1022 desipere,
948 953 1204 1006 bonorum
1241 973 1365 1006 vero
1391 957 1680 1008 rationibus
1716 956 1901 1009 redire.

66 1022 430 1074 Sufferendum
468 1028 546 1073 est
588 1021 766 1090 itaque
811 1029 968 1091 atque
1005 1041 1211 1075 summa
1257 1023 1581 1094 benignitate
1629 1025 1901 1093 indulgen-

64 1091 202 1142 dum.
275 1090 393 1140 Tuh
432 1107 654 1159 quoque,
695 1089 1079 1142 Germanorum
1094 1093 1140 1115 **
1179 1093 1391 1161 optime,
1434 1094 1656 1144 nimium
1693 1112 1724 1145 a
1758 1102 1901 1145 recto

63 1159 338 1211 secessisse
375 1159 586 1211 videris.
646 1159 829 1228 Neque
865 1159 920 1210 id
954 1162 1160 1212 mirum.
1231 1162 1368 1212 Nam
1403 1162 1513 1212 dux
1537 1162 1902 1214 Rotbertus***

63 1229 237 1280 omnia
263 1228 442 1279 sitiens
468 1229 686 1296 regique
718 1246 939 1296 regnum
975 1230 1273 1282 immaniter
1305 1231 1563 1297 invidens,
1600 1232 1903 1283 incautum†

61 1304 111 1348 te
151 1297 480 1348 suasionibus
518 1296 699 1349 illexit.
757 1297 900 1361 Quid
926 1299 1064 1348 enim
1091 1299 1323 1350 suasorie
1361 1299 1566 1367 digesta
1602 1318 1707 1351 non
1744 1299 1905 1352 efficit

63 1365 266 1417 oratio?
312 1365 579 1432 Nimium,
616 1367 858 1435 inquam,
896 1365 963 1417 ab
1001 1369 1235 1437 utrisque
1284 1369 1581 1420 oberratum
1618 1376 1711 1421 est.
1797 1368 1902 1421 Sed

60 1435 167 1485 iam
201 1433 415 1486 tandem
461 1435 605 1502 prior
652 1433 838 1487 vobisb
874 1435 1055 1488 redeat
1099 1438 1279 1489 virtus.
1363 1437 1583 1489 Summa
1630 1438 1900 1506 utriusque

62 1520 160 1571 ope
195 1511 414 1572 uterque
449 1504 671 1569 nitatur,
708 1511 766 1555 ut
801 1511 859 1555 tu
894 1503 1090 1556 habeas
1126 1524 1306 1574 regem
1342 1505 1439 1557 tibi
1484 1506 1723 1575 adprime
1762 1524 1899 1557 com-

60 1571 290 1638 modum,
330 1580 381 1623 et
414 1590 510 1623 rex
545 1571 736 1623 habeat
770 1579 821 1624 te
857 1573 1031 1623 virum
1069 1592 1182 1625 sese
1219 1575 1602 1642 dignissimum.
1674 1574 1812 1625 Nam
1848 1583 1897 1626 te

60 1640 199 1691 idem
232 1650 465 1709 prestare
489 1642 668 1710 gestiti
700 1642 764 1692 iis
792 1642 1033 1694 omnibus
1061 1644 1151 1711 qui
1177 1641 1518 1694 Germaniam
1531 1645 1573 1676 Η
1607 1644 1898 1695 inhabitare

59 1718 359 1762 noscuntur.
434 1708 517 1762 Ob
543 1709 640 1760 hoc
667 1710 826 1778 igitur
850 1711 1083 1761 animum
1108 1710 1175 1762 ad
1198 1710 1415 1762 meliora
1438 1729 1645 1763 revoca.
1712 1712 1896 1762 Domi-

59 1780 224 1829 numk
262 1776 525 1829 abiectum
560 1780 751 1847 recipe,
789 1787 847 1829 ut
883 1787 933 1830 et
968 1787 1025 1830 tu
1050 1780 1115 1832 ab
1142 1798 1203 1831 eo
1230 1779 1556 1832 extoHendus
1583 1781 1895 1849 excipiaris’.

84 1906 165 1957 24.
215 1906 534 1974 Responsiol
571 1905 888 1957 Hein1*ici†††
923 1907 1014 1957 adl
1049 1907 1510 1976 metropolitanum
1546 1909 1860 1961 Heriveuml

823 1975 887 2027 de
922 1975 1135 2027 Kar010.

193 2056 281 2109 Ad
315 2059 445 2109 haec
479 2057 760 2110 Heinricus
775 2060 841 2109 μετ
881 2057 1093 2124 ‘Multa',
1128 2060 1323 2128 inquit,
1364 2062 1499 2111 ‘meh
1537 2059 1603 2110 ab
1642 2060 1774 2111 hism
1812 2060 1896 2112 de-

0 2132 1 2139 ’
57 2127 342 2193 hortantur,
366 2127 468 2178 nisi
492 2134 596 2193 tua,
622 2134 771 2195 pater
796 2128 1023 2196 egregie,
1048 2128 1211 2179 virtus
1238 2128 1306 2179 ad
1339 2128 1481 2181 idem
1507 2128 1896 2198 quodammodo

56 2194 335 2265 pertrahat.
410 2195 531 2247 Scio
571 2197 723 2262 enim,
764 2214 922 2266 quam
959 2195 1171 2248 difficile
1209 2206 1260 2249 et
1294 2198 1515 2249 arduum
1554 2199 1648 2264 sit,
1689 2199 1737 2249 ei
1775 2215 1894 2249 con-

59 2263 229 2316 silium
278 2264 427 2330 dare,
475 2275 629 2315 cumn
681 2283 776 2316 sua
829 2266 1203 2332 inconstantia,
1252 2274 1365 2318 tum
1415 2284 1628 2318 suorum
1676 2267 1892 2318 invidia.

57 2333 175 2384 Non
211 2341 290 2384 est
323 2334 649 2402 incognitum
686 2333 830 2399 mihi,
870 2341 1122 2403 quantum
1159 2352 1254 2403 pro
1294 2353 1355 2386 eo
1394 2335 1538 2386 domi
1574 2334 1894 2403 militiaeque

56 2401 260 2470 pridem
286 2403 606 2453 certaverim.
677 2401 814 2453 Illud
844 2404 1000 2453 etiam
1024 2404 1358 2455 notissimum
1385 2411 1602 2469 constat,
1642 2411 1895 2472 quantum

59 2472 199 2522 circa
233 2488 317 2522 me
352 2470 455 2521 fide
493 2468 670 2521 debita
705 2470 900 2522 abusus
937 2472 1017 2522 sit.
1089 2471 1154 2522 Id
1186 2471 1436 2536 fortassiS,
1474 2481 1647 2541 pater,
1684 2489 1894 2539 persua-

59 2538 166 2604 deS,
206 2538 504 2606 quodecum
538 2538 772 2589 factumn
810 2541 921 2604 erit,
958 2539 1145 2592 fecisse
1181 2539 1451 2609 penitebit.
1526 2540 1631 2592 Sed
1668 2541 1792 2609 quia
1828 2539 1893 2592 de

57 2606 230 2658 futuro
266 2624 420 2657 nemo
458 2607 583 2657 satis
621 2605 852 2673 callidus,
889 2625 1043 2659 nemo
1082 2610 1205 2659 satis
1240 2609 1471 2677 prudens
1508 2609 1589 2674 fit,
1627 2607 1749 2660 licet
1785 2627 1892 2660 sae-

57 2676 176 2744 pius
212 2693 377 2744 prava
414 2693 572 2744 quam
607 2674 747 2726 bona
783 2673 999 2726 consilia
1033 2679 1361 2744 proveniant,
1398 2677 1537 2728 ferar
1562 2694 1894 2746 quocumque

58 2743 222 2796 iubeS.
259 2744 675 2812 Modestiamque
711 2762 881 2795 meam
918 2752 1038 2811 post
1072 2753 1216 2796 tuam
1263 2746 1571 2814 dignitatem
1609 2745 1893 2812 demittam,

58 2813 303 2865 virtutem
349 2822 494 2864 tuam
539 2821 803 2882 expertus.
886 2812 1151 2881 Equidem
1212 2813 1478 2866 decretum
1524 2814 1652 2865 mihi
1709 2813 1893 2880 fuerat,

59 2881 288 2950 ingeniO,
337 2880 580 2948 consili0,
629 2883 787 2933 armis
836 2881 902 2934 ab
951 2899 1012 2933 eo
1049 2881 1321 2934 recedere'.
1393 2883 1682 2936 Persuasus
1717 2885 1893 2952 itaque

180 3019 220 3074 *)
254 3027 299 3063 at
329 3022 652 3075 frequentatum
685 3026 728 3063 et
761 3035 988 3063 commune
1022 3021 1125 3063 add.
1162 3023 1201 3063 1.

163 3080 222 3134 **)
254 3082 537 3135 Belgicorum
573 3083 611 3133 1,
644 3095 754 3124 corr.
790 3082 831 3122 2.
954 3079 1034 3134 ***)
1070 3082 1172 3123 add.
1207 3083 1249 3122 2.

184 3139 222 3192 Τ)
257 3143 349 3183 sive
380 3143 559 3183 incauto
592 3142 672 3183 tibi
704 3143 855 3183 nescio
888 3143 981 3183 sive
1015 3141 1169 3182 eadem
1203 3140 1263 3195 (⁴2)
1298 3144 1491 3196 cupienti
1522 3156 1557 3184 s.
1594 3144 1630 3193 1,
1664 3155 1774 3184 corr.
1809 3142 1848 3181 2.

165 3198 228 3254 ἥ)
260 3202 492 3254 Belgicam
528 3202 566 3253 1,
600 3215 709 3244 corr.
744 3201 785 3243 2.
908 3198 992 3255 ἾΗΓΤ)
1023 3200 1087 3242 ita
1117 3201 1142 3240 2
1175 3201 1221 3241 in
1254 3201 1342 3242 loco
1374 3215 1489 3244 raso.

164 3258 223 3313 †*)
258 3261 528 3303 Gislebertus
565 3262 604 3310 1,
637 3275 746 3303 corr.
781 3262 820 3302 2.

161 3379 198 3422 a)
227 3389 261 3414 a.
280 3390 309 3413 r.
325 3390 374 3415 m.
389 3381 414 3414 i.
446 3381 479 3414 1.
555 3379 593 3421 b)
620 3384 699 3420 post
726 3381 806 3414 add.
837 3383 867 3413 1.
946 3377 979 3420 c)
1003 3379 1135 3412 suadet
1159 3380 1191 3411 1.
1267 3377 1304 3420 d)
1332 3381 1471 3414 m.t.1.
1548 3379 1583 3421 e)
1612 3380 1741 3412 crebro
1767 3379 1846 3411 add.
1865 3380 1900 3415 1.

61 3426 94 3468 f)
120 3429 238 3468 quue
265 3431 298 3463 1.
398 3427 437 3470 g)
466 3429 730 3468 corrigendum
757 3431 791 3462 1.
891 3425 930 3468 h)
959 3428 1014 3460 Te
1044 3446 1085 3452 —
1111 3427 1260 3459 videtur
1287 3425 1333 3468 (¹2)
1366 3430 1397 3470 1,
1425 3437 1518 3460 corr.
1548 3430 1581 3461 2.
1678 3426 1705 3467 i)
1735 3428 1837 3466 cupit
1864 3428 1896 3467 1,

64 3484 158 3509 corr.
186 3478 219 3509 2.
319 3476 360 3518 k)
386 3478 434 3509 D.
463 3480 568 3510 tuum
594 3479 634 3518 1,
680 3485 774 3511 corr.
803 3478 835 3510 2.
936 3474 964 3517 1)
989 3476 1042 3517 R,
1080 3475 1147 3517 ad,
1182 3475 1240 3508 He
1278 3475 1368 3507 absc.
1467 3475 1520 3518 m)
1547 3484 1636 3514 rege
1664 3477 1705 3517 1,
1743 3484 1835 3506 corr.
1865 3474 1898 3505 2.

61 3521 102 3565 n)
129 3528 208 3557 tum
233 3533 404 3565 superscr.
432 3534 463 3557 c.

1444 3581 1511 3633 2*
