<?xml version="1.0" encoding="UTF-8"?>
<!DOCTYPE html PUBLIC "-//W3C//DTD XHTML 1.0 Transitional//EN"
    "http://www.w3.org/TR/xhtml1/DTD/xhtml1-transitional.dtd">
<html xmlns="http://www.w3.org/1999/xhtml" xml:lang="en" lang="en">
 <head>
  <title>
</title>
<meta http-equiv="Content-Type" content="text/html;charset=utf-8" />
  <meta name='ocr-system' content='tesseract 3.04.00' />
  <meta name='ocr-capabilities' content='ocr_page ocr_carea ocr_par ocr_line ocrx_word'/>
</head>
<body>
  <div class='ocr_page' id='page_1' title='image "./historiarumlibri00richuoft_0078.png"; bbox 0 0 2240 3879; ppageno 0'>
   <div class='ocr_carea' id='block_1_1' title="bbox 99 400 181 433">
    <p class='ocr_par' dir='ltr' id='par_1_1' title="bbox 99 400 181 433">
     <span class='ocr_line' id='line_1_1' title="bbox 99 400 181 433; baseline 0.024 -2"><span class='ocrx_word' id='word_1_1' title='bbox 99 400 181 433; x_wconf 85' lang='lat'>944.</span> 
     </span>
    </p>
   </div>
   <div class='ocr_carea' id='block_1_2' title="bbox 8 2701 179 2746">
    <p class='ocr_par' dir='ltr' id='par_1_2' title="bbox 8 2701 179 2746">
     <span class='ocr_line' id='line_1_2' title="bbox 8 2701 179 2746; baseline 0 -9"><span class='ocrx_word' id='word_1_2' title='bbox 8 2701 66 2746; x_wconf 78' lang='lat' dir='ltr'>&#39;p.</span> <span class='ocrx_word' id='word_1_3' title='bbox 97 2704 179 2737; x_wconf 79' lang='lat'>597.</span> 
     </span>
    </p>
   </div>
   <div class='ocr_carea' id='block_1_3' title="bbox 201 242 1641 287">
    <p class='ocr_par' dir='ltr' id='par_1_3' title="bbox 201 242 1641 287">
     <span class='ocr_line' id='line_1_3' title="bbox 201 242 1641 287; baseline -0.003 0"><span class='ocrx_word' id='word_1_4' title='bbox 201 249 257 287; x_wconf 88' lang='grc'>60</span> <span class='ocrx_word' id='word_1_5' title='bbox 626 244 882 285; x_wconf 81' lang='lat' dir='ltr'>RICHERI</span> <span class='ocrx_word' id='word_1_6' title='bbox 914 242 1332 285; x_wconf 76' lang='lat' dir='ltr'>HISTORIARUM</span> <span class='ocrx_word' id='word_1_7' title='bbox 1364 242 1549 283; x_wconf 89' lang='lat' dir='ltr'>LIBER</span> <span class='ocrx_word' id='word_1_8' title='bbox 1581 243 1641 282; x_wconf 92' lang='grc' dir='ltr'>Π.</span> 
     </span>
    </p>
   </div>
   <div class='ocr_carea' id='block_1_4' title="bbox 334 380 1927 452">
    <p class='ocr_par' dir='ltr' id='par_1_4' title="bbox 334 380 1927 452">
     <span class='ocr_line' id='line_1_4' title="bbox 334 380 1927 452; baseline -0.002 -17"><span class='ocrx_word' id='word_1_9' title='bbox 334 386 418 436; x_wconf 83' lang='grc'>41.</span> <span class='ocrx_word' id='word_1_10' title='bbox 475 383 792 452; x_wconf 83' lang='lat' dir='ltr'>Prodigiosa</span> <span class='ocrx_word' id='word_1_11' title='bbox 829 382 1243 434; x_wconf 78' lang='lat' dir='ltr'>demonstratioa</span> <span class='ocrx_word' id='word_1_12' title='bbox 1281 380 1446 432; x_wconf 89' lang='lat' dir='ltr'>cladis</span> <span class='ocrx_word' id='word_1_13' title='bbox 1483 381 1927 433; x_wconf 74' lang='lat' dir='ltr'>Brittannoruma.</span> 
     </span>
    </p>
   </div>
   <div class='ocr_carea' id='block_1_5' title="bbox 199 466 2064 2052">
    <p class='ocr_par' dir='ltr' id='par_1_5' title="bbox 199 466 2064 2052">
     <span class='ocr_line' id='line_1_5' title="bbox 342 466 2057 538; baseline -0.002 -19"><span class='ocrx_word' id='word_1_14' title='bbox 342 469 494 534; x_wconf 76' lang='lat' dir='ltr'>Quo¹</span> <span class='ocrx_word' id='word_1_15' title='bbox 536 476 773 538; x_wconf 87' lang='lat' dir='ltr'>tempore</span> <span class='ocrx_word' id='word_1_16' title='bbox 810 467 1077 520; x_wconf 82' lang='lat' dir='ltr'>ferebatur</span> <span class='ocrx_word' id='word_1_17' title='bbox 1113 466 1303 517; x_wconf 83' lang='lat' dir='ltr'>Parisii</span> <span class='ocrx_word' id='word_1_18' title='bbox 1347 466 1502 517; x_wconf 89' lang='lat' dir='ltr'>turbo</span> <span class='ocrx_word' id='word_1_19' title='bbox 1551 467 1802 533; x_wconf 84' lang='lat' dir='ltr'>repenteh</span> <span class='ocrx_word' id='word_1_20' title='bbox 1843 472 2057 516; x_wconf 80' lang='lat' dir='ltr'>exortus</span> 
     </span>
     <span class='ocr_line' id='line_1_6' title="bbox 200 533 2056 606; baseline -0.003 -16"><span class='ocrx_word' id='word_1_21' title='bbox 200 546 348 591; x_wconf 89' lang='lat' dir='ltr'>tanta</span> <span class='ocrx_word' id='word_1_22' title='bbox 383 539 437 589; x_wconf 91' lang='lat' dir='ltr'>vi</span> <span class='ocrx_word' id='word_1_23' title='bbox 475 538 867 604; x_wconf 76' lang='lat' dir='ltr'>discucurrisse,</span> <span class='ocrx_word' id='word_1_24' title='bbox 918 545 976 589; x_wconf 94' lang='lat' dir='ltr'>ut</span> <span class='ocrx_word' id='word_1_25' title='bbox 1021 537 1250 606; x_wconf 90' lang='lat' dir='ltr'>parietes</span> <span class='ocrx_word' id='word_1_26' title='bbox 1289 534 1455 585; x_wconf 85' lang='lat' dir='ltr'>multa</span> <span class='ocrx_word' id='word_1_27' title='bbox 1490 533 1726 602; x_wconf 89' lang='lat' dir='ltr'>lapidum</span> <span class='ocrx_word' id='word_1_28' title='bbox 1763 533 1901 586; x_wconf 90' lang='lat' dir='ltr'>mole</span> <span class='ocrx_word' id='word_1_29' title='bbox 1943 533 2056 584; x_wconf 82' lang='lat' dir='ltr'>fun-</span> 
     </span>
     <span class='ocr_line' id='line_1_7' title="bbox 201 604 2056 671; baseline -0.003 -12"><span class='ocrx_word' id='word_1_30' title='bbox 201 609 310 660; x_wconf 90' lang='lat' dir='ltr'>dati</span> <span class='ocrx_word' id='word_1_31' title='bbox 366 609 421 658; x_wconf 89' lang='lat' dir='ltr'>in</span> <span class='ocrx_word' id='word_1_32' title='bbox 473 608 654 659; x_wconf 84' lang='lat' dir='ltr'>Monte</span> <span class='ocrx_word' id='word_1_33' title='bbox 699 609 978 659; x_wconf 84' lang='lat' dir='ltr'>Martirum</span> <span class='ocrx_word' id='word_1_34' title='bbox 1027 605 1261 657; x_wconf 89' lang='lat' dir='ltr'>funditus</span> <span class='ocrx_word' id='word_1_35' title='bbox 1310 604 1480 656; x_wconf 86' lang='lat' dir='ltr'>eversi</span> <span class='ocrx_word' id='word_1_36' title='bbox 1528 604 1745 671; x_wconf 86' lang='lat' dir='ltr'>fuerint;</span> <span class='ocrx_word' id='word_1_37' title='bbox 1805 604 2056 655; x_wconf 82' lang='lat' dir='ltr'>demones</span> 
     </span>
     <span class='ocr_line' id='line_1_8' title="bbox 202 672 2058 748; baseline -0.003 -19"><span class='ocrx_word' id='word_1_38' title='bbox 202 696 412 748; x_wconf 89' lang='lat' dir='ltr'>quoque</span> <span class='ocrx_word' id='word_1_39' title='bbox 451 679 687 746; x_wconf 89' lang='lat' dir='ltr'>equitum</span> <span class='ocrx_word' id='word_1_40' title='bbox 727 678 905 746; x_wconf 91' lang='lat' dir='ltr'>specie</span> <span class='ocrx_word' id='word_1_41' title='bbox 941 677 1083 728; x_wconf 89' lang='lat' dir='ltr'>visos</span> <span class='ocrx_word' id='word_1_42' title='bbox 1121 674 1394 726; x_wconf 79' lang='lat' dir='ltr'>basilicam</span> <span class='ocrx_word' id='word_1_43' title='bbox 1433 672 1696 743; x_wconf 79' lang='lat' dir='ltr'>quandam</span> <span class='ocrx_word' id='word_1_44' title='bbox 1734 691 1840 724; x_wconf 90' lang='lat' dir='ltr'>non</span> <span class='ocrx_word' id='word_1_45' title='bbox 1872 672 2058 743; x_wconf 87' lang='lat' dir='ltr'>proqu</span> 
     </span>
     <span class='ocr_line' id='line_1_9' title="bbox 201 743 2057 815; baseline -0.003 -16"><span class='ocrx_word' id='word_1_46' title='bbox 201 749 357 800; x_wconf 88' lang='lat' dir='ltr'>sitam</span> <span class='ocrx_word' id='word_1_47' title='bbox 414 748 682 812; x_wconf 89' lang='lat' dir='ltr'>evertisse,</span> <span class='ocrx_word' id='word_1_48' title='bbox 740 748 956 815; x_wconf 87' lang='lat' dir='ltr'>eiusque</span> <span class='ocrx_word' id='word_1_49' title='bbox 1012 746 1188 797; x_wconf 87' lang='lat' dir='ltr'>trabes</span> <span class='ocrx_word' id='word_1_50' title='bbox 1245 744 1548 795; x_wconf 89' lang='lat' dir='ltr'>memoratis</span> <span class='ocrx_word' id='word_1_51' title='bbox 1603 743 1893 812; x_wconf 86' lang='lat' dir='ltr'>parietibus</span> <span class='ocrx_word' id='word_1_52' title='bbox 1948 751 2057 794; x_wconf 89' lang='lat' dir='ltr'>tam</span> 
     </span>
     <span class='ocr_line' id='line_1_10' title="bbox 200 812 2058 882; baseline -0.003 -14"><span class='ocrx_word' id='word_1_53' title='bbox 200 817 376 869; x_wconf 85' lang='lat' dir='ltr'>valide</span> <span class='ocrx_word' id='word_1_54' title='bbox 432 817 742 882; x_wconf 77' lang='lat' dir='ltr'>incussisse,</span> <span class='ocrx_word' id='word_1_55' title='bbox 793 824 850 867; x_wconf 87' lang='lat' dir='ltr'>ut</span> <span class='ocrx_word' id='word_1_56' title='bbox 900 834 988 867; x_wconf 90' lang='lat' dir='ltr'>eos</span> <span class='ocrx_word' id='word_1_57' title='bbox 1040 814 1364 880; x_wconf 68' lang='lat' dir='ltr'>subruerint,</span> <span class='ocrx_word' id='word_1_58' title='bbox 1417 812 1669 865; x_wconf 88' lang='lat' dir='ltr'>evulsisse</span> <span class='ocrx_word' id='word_1_59' title='bbox 1718 813 1876 863; x_wconf 90' lang='lat' dir='ltr'>etiam</span> <span class='ocrx_word' id='word_1_60' title='bbox 1925 813 2058 863; x_wconf 91' lang='lat' dir='ltr'>eius-</span> 
     </span>
     <span class='ocr_line' id='line_1_11' title="bbox 202 881 2057 950; baseline -0.002 -13"><span class='ocrx_word' id='word_1_61' title='bbox 202 886 323 938; x_wconf 87' lang='lat' dir='ltr'>dem</span> <span class='ocrx_word' id='word_1_62' title='bbox 361 887 553 937; x_wconf 89' lang='lat' dir='ltr'>montis</span> <span class='ocrx_word' id='word_1_63' title='bbox 590 887 767 937; x_wconf 85' lang='lat' dir='ltr'>vineta</span> <span class='ocrx_word' id='word_1_64' title='bbox 805 903 868 936; x_wconf 91' lang='lat' dir='ltr'>ac</span> <span class='ocrx_word' id='word_1_65' title='bbox 908 893 1020 937; x_wconf 88' lang='lat' dir='ltr'>sata</span> <span class='ocrx_word' id='word_1_66' title='bbox 1057 885 1378 936; x_wconf 81' lang='lat' dir='ltr'>devastasse.</span> <span class='ocrx_word' id='word_1_67' title='bbox 1463 883 1594 933; x_wconf 77' lang='lat' dir='ltr'>Mox</span> <span class='ocrx_word' id='word_1_68' title='bbox 1643 883 1755 933; x_wconf 91' lang='lat' dir='ltr'>viso</span> <span class='ocrx_word' id='word_1_69' title='bbox 1793 881 2057 950; x_wconf 89' lang='lat' dir='ltr'>prodigio,</span> 
     </span>
     <span class='ocr_line' id='line_1_12' title="bbox 200 952 2059 1023; baseline -0.003 -16"><span class='ocrx_word' id='word_1_70' title='bbox 200 957 598 1007; x_wconf 89' lang='lat' dir='ltr'>Brittannorum</span> <span class='ocrx_word' id='word_1_71' title='bbox 637 956 899 1023; x_wconf 83' lang='lat' dir='ltr'>pernicies</span> <span class='ocrx_word' id='word_1_72' title='bbox 939 953 1220 1006; x_wconf 86' lang='lat' dir='ltr'>subsecuta</span> <span class='ocrx_word' id='word_1_73' title='bbox 1259 962 1352 1006; x_wconf 88' lang='lat' dir='ltr'>est.</span> <span class='ocrx_word' id='word_1_74' title='bbox 1428 953 1534 1017; x_wconf 77' lang='lat' dir='ltr'>Qui</span> <span class='ocrx_word' id='word_1_75' title='bbox 1558 952 1870 1020; x_wconf 84' lang='lat' dir='ltr'>Berengarii</span> <span class='ocrx_word' id='word_1_76' title='bbox 1900 959 2059 1020; x_wconf 87' lang='lat' dir='ltr'>atque</span> 
     </span>
     <span class='ocr_line' id='line_1_13' title="bbox 200 1022 2060 1095; baseline -0.003 -19"><span class='ocrx_word' id='word_1_77' title='bbox 200 1025 359 1076; x_wconf 91' lang='lat' dir='ltr'>Alani</span> <span class='ocrx_word' id='word_1_78' title='bbox 408 1026 711 1095; x_wconf 85' lang='lat' dir='ltr'>principum</span> <span class='ocrx_word' id='word_1_79' title='bbox 763 1024 1070 1076; x_wconf 79' lang='lat' dir='ltr'>dissidentia</span> <span class='ocrx_word' id='word_1_80' title='bbox 1119 1023 1402 1089; x_wconf 87' lang='lat' dir='ltr'>discordes,</span> <span class='ocrx_word' id='word_1_81' title='bbox 1453 1041 1483 1073; x_wconf 88' lang='lat' dir='ltr'>a</span> <span class='ocrx_word' id='word_1_82' title='bbox 1531 1022 1888 1086; x_wconf 62' lang='lat' dir='ltr'>Hortinannis,</span> <span class='ocrx_word' id='word_1_83' title='bbox 1939 1039 2060 1071; x_wconf 92' lang='lat' dir='ltr'>cum</span> 
     </span>
     <span class='ocr_line' id='line_1_14' title="bbox 203 1091 2059 1164; baseline -0.002 -19"><span class='ocrx_word' id='word_1_84' title='bbox 203 1095 392 1164; x_wconf 86' lang='lat' dir='ltr'>quibus</span> <span class='ocrx_word' id='word_1_85' title='bbox 430 1104 646 1164; x_wconf 91' lang='lat' dir='ltr'>pactum</span> <span class='ocrx_word' id='word_1_86' title='bbox 686 1103 916 1163; x_wconf 64' lang='lat' dir='ltr'>egerant,</span> <span class='ocrx_word' id='word_1_87' title='bbox 971 1095 1214 1163; x_wconf 78' lang='lat' dir='ltr'>pervasic</span> <span class='ocrx_word' id='word_1_88' title='bbox 1251 1092 1519 1161; x_wconf 87' lang='lat' dir='ltr'>multaque</span> <span class='ocrx_word' id='word_1_89' title='bbox 1559 1091 1685 1144; x_wconf 90' lang='lat' dir='ltr'>cede</span> <span class='ocrx_word' id='word_1_90' title='bbox 1723 1091 1888 1143; x_wconf 87' lang='lat' dir='ltr'>attriti</span> <span class='ocrx_word' id='word_1_91' title='bbox 1925 1099 2059 1142; x_wconf 89' lang='lat' dir='ltr'>sunt.</span> 
     </span>
     <span class='ocr_line' id='line_1_15' title="bbox 201 1161 2059 1232; baseline -0.003 -16"><span class='ocrx_word' id='word_1_92' title='bbox 201 1165 421 1216; x_wconf 87' lang='lat' dir='ltr'>Necnon</span> <span class='ocrx_word' id='word_1_93' title='bbox 474 1172 525 1215; x_wconf 88' lang='lat' dir='ltr'>et</span> <span class='ocrx_word' id='word_1_94' title='bbox 572 1165 754 1216; x_wconf 82' lang='lat' dir='ltr'>civitas</span> <span class='ocrx_word' id='word_1_95' title='bbox 792 1164 1137 1216; x_wconf 82' lang='lat' dir='ltr'>Namtarum2</span> <span class='ocrx_word' id='word_1_96' title='bbox 1189 1172 1345 1232; x_wconf 86' lang='lat' dir='ltr'>capta</span> <span class='ocrx_word' id='word_1_97' title='bbox 1393 1171 1486 1214; x_wconf 90' lang='lat' dir='ltr'>est.</span> <span class='ocrx_word' id='word_1_98' title='bbox 1562 1162 1727 1214; x_wconf 81' lang='lat' dir='ltr'>Cuius</span> <span class='ocrx_word' id='word_1_99' title='bbox 1775 1161 2059 1230; x_wconf 89' lang='lat' dir='ltr'>episcopus</span> 
     </span>
     <span class='ocr_line' id='line_1_16' title="bbox 202 1229 2061 1304; baseline -0.003 -19"><span class='ocrx_word' id='word_1_100' title='bbox 202 1253 323 1286; x_wconf 93' lang='lat' dir='ltr'>cum</span> <span class='ocrx_word' id='word_1_101' title='bbox 380 1235 865 1304; x_wconf 75' lang='lat' dir='ltr'>supervenientium</span> <span class='ocrx_word' id='word_1_102' title='bbox 915 1234 1146 1285; x_wconf 89' lang='lat' dir='ltr'>hostium</span> <span class='ocrx_word' id='word_1_103' title='bbox 1194 1240 1338 1285; x_wconf 89' lang='lat' dir='ltr'>metu</span> <span class='ocrx_word' id='word_1_104' title='bbox 1386 1233 1599 1283; x_wconf 81' lang='lat' dir='ltr'>territus</span> <span class='ocrx_word' id='word_1_105' title='bbox 1647 1235 1702 1283; x_wconf 88' lang='lat' dir='ltr'>in</span> <span class='ocrx_word' id='word_1_106' title='bbox 1747 1229 2061 1282; x_wconf 84' lang='lat' dir='ltr'>aecclesiam</span> 
     </span>
     <span class='ocr_line' id='line_1_17' title="bbox 200 1301 2061 1373; baseline -0.003 -17"><span class='ocrx_word' id='word_1_107' title='bbox 200 1304 384 1373; x_wconf 88' lang='lat' dir='ltr'>fugere</span> <span class='ocrx_word' id='word_1_108' title='bbox 423 1312 712 1372; x_wconf 76' lang='lat' dir='ltr'>cogeretur,</span> <span class='ocrx_word' id='word_1_109' title='bbox 762 1322 975 1355; x_wconf 89' lang='lat' dir='ltr'>suorum</span> <span class='ocrx_word' id='word_1_110' title='bbox 1025 1303 1281 1355; x_wconf 89' lang='lat' dir='ltr'>densitate</span> <span class='ocrx_word' id='word_1_111' title='bbox 1329 1320 1614 1371; x_wconf 86' lang='lat' dir='ltr'>oppressus</span> <span class='ocrx_word' id='word_1_112' title='bbox 1664 1320 1725 1353; x_wconf 88' lang='lat' dir='ltr'>ac</span> <span class='ocrx_word' id='word_1_113' title='bbox 1775 1301 2061 1352; x_wconf 83' lang='lat' dir='ltr'>suffocatus</span> 
     </span>
     <span class='ocr_line' id='line_1_18' title="bbox 202 1370 2059 1443; baseline -0.002 -17"><span class='ocrx_word' id='word_1_114' title='bbox 202 1383 296 1427; x_wconf 90' lang='lat' dir='ltr'>est.</span> <span class='ocrx_word' id='word_1_115' title='bbox 370 1373 631 1425; x_wconf 79' lang='lat' dir='ltr'>Brittanni</span> <span class='ocrx_word' id='word_1_116' title='bbox 668 1374 722 1424; x_wconf 89' lang='lat' dir='ltr'>in</span> <span class='ocrx_word' id='word_1_117' title='bbox 764 1375 880 1443; x_wconf 85' lang='lat' dir='ltr'>ipso</span> <span class='ocrx_word' id='word_1_118' title='bbox 932 1375 1134 1442; x_wconf 88' lang='lat' dir='ltr'>impetu</span> <span class='ocrx_word' id='word_1_119' title='bbox 1170 1371 1373 1423; x_wconf 83' lang='lat' dir='ltr'>viribus</span> <span class='ocrx_word' id='word_1_120' title='bbox 1422 1373 1722 1439; x_wconf 87' lang='lat' dir='ltr'>resumptis,</span> <span class='ocrx_word' id='word_1_121' title='bbox 1770 1371 1946 1422; x_wconf 89' lang='lat' dir='ltr'>hostes</span> <span class='ocrx_word' id='word_1_122' title='bbox 1993 1370 2059 1422; x_wconf 88' lang='lat' dir='ltr'>ab</span> 
     </span>
     <span class='ocr_line' id='line_1_19' title="bbox 201 1439 2063 1511; baseline -0.003 -16"><span class='ocrx_word' id='word_1_123' title='bbox 201 1443 333 1495; x_wconf 84' lang='lat' dir='ltr'>urbe</span> <span class='ocrx_word' id='word_1_124' title='bbox 395 1443 694 1495; x_wconf 86' lang='lat' dir='ltr'>vehementi</span> <span class='ocrx_word' id='word_1_125' title='bbox 770 1444 1046 1495; x_wconf 87' lang='lat' dir='ltr'>conamine</span> <span class='ocrx_word' id='word_1_126' title='bbox 1119 1441 1479 1511; x_wconf 87' lang='lat' dir='ltr'>reppulerunt.</span> <span class='ocrx_word' id='word_1_127' title='bbox 1588 1441 1818 1511; x_wconf 88' lang='lat' dir='ltr'>Illosque</span> <span class='ocrx_word' id='word_1_128' title='bbox 1885 1439 2063 1490; x_wconf 84' lang='lat' dir='ltr'>adorsi</span> 
     </span>
     <span class='ocr_line' id='line_1_20' title="bbox 202 1509 2060 1583; baseline -0.002 -19"><span class='ocrx_word' id='word_1_129' title='bbox 202 1514 353 1583; x_wconf 88' lang='lat' dir='ltr'>gravi</span> <span class='ocrx_word' id='word_1_130' title='bbox 407 1513 564 1564; x_wconf 89' lang='lat' dir='ltr'>caede</span> <span class='ocrx_word' id='word_1_131' title='bbox 612 1513 875 1565; x_wconf 82' lang='lat' dir='ltr'>fuderunt.</span> <span class='ocrx_word' id='word_1_132' title='bbox 960 1515 1031 1563; x_wconf 80' lang='lat' dir='ltr'>At</span> <span class='ocrx_word' id='word_1_133' title='bbox 1078 1513 1376 1563; x_wconf 82' lang='lat' dir='ltr'>Brittannid</span> <span class='ocrx_word' id='word_1_134' title='bbox 1430 1512 1766 1580; x_wconf 85' lang='lat' dir='ltr'>prosperiore</span> <span class='ocrx_word' id='word_1_135' title='bbox 1820 1509 2060 1561; x_wconf 86' lang='lat' dir='ltr'>fortunae</span> 
     </span>
     <span class='ocr_line' id='line_1_21' title="bbox 201 1579 2062 1649; baseline -0.002 -15"><span class='ocrx_word' id='word_1_136' title='bbox 201 1600 451 1634; x_wconf 90' lang='lat' dir='ltr'>successu</span> <span class='ocrx_word' id='word_1_137' title='bbox 511 1582 813 1644; x_wconf 84' lang='lat' dir='ltr'>confortati,</span> <span class='ocrx_word' id='word_1_138' title='bbox 870 1584 1024 1634; x_wconf 88' lang='lat' dir='ltr'>tertia</span> <span class='ocrx_word' id='word_1_139' title='bbox 1079 1583 1260 1634; x_wconf 89' lang='lat' dir='ltr'>itidem</span> <span class='ocrx_word' id='word_1_140' title='bbox 1311 1581 1396 1632; x_wconf 86' lang='lat' dir='ltr'>die</span> <span class='ocrx_word' id='word_1_141' title='bbox 1454 1579 1677 1631; x_wconf 88' lang='lat' dir='ltr'>classem</span> <span class='ocrx_word' id='word_1_142' title='bbox 1732 1579 2062 1649; x_wconf 71' lang='lat' dir='ltr'>pervadunte</span> 
     </span>
     <span class='ocr_line' id='line_1_22' title="bbox 201 1647 2064 1721; baseline -0.002 -18"><span class='ocrx_word' id='word_1_143' title='bbox 201 1652 739 1721; x_wconf 87' lang='lat' dir='ltr'>congrediunturque.</span> <span class='ocrx_word' id='word_1_144' title='bbox 790 1652 853 1702; x_wconf 80' lang='lat' dir='ltr'>In</span> <span class='ocrx_word' id='word_1_145' title='bbox 879 1661 1029 1721; x_wconf 85' lang='lat' dir='ltr'>parte</span> <span class='ocrx_word' id='word_1_146' title='bbox 1058 1663 1279 1720; x_wconf 87' lang='lat' dir='ltr'>utraque</span> <span class='ocrx_word' id='word_1_147' title='bbox 1315 1651 1579 1701; x_wconf 88' lang='lat' dir='ltr'>innumeri</span> <span class='ocrx_word' id='word_1_148' title='bbox 1604 1650 1722 1701; x_wconf 84' lang='lat' dir='ltr'>fusi.</span> <span class='ocrx_word' id='word_1_149' title='bbox 1772 1647 2064 1700; x_wconf 68' lang='lat' dir='ltr'>Brittannis</span> 
     </span>
     <span class='ocr_line' id='line_1_23' title="bbox 200 1719 2060 1791; baseline -0.002 -19"><span class='ocrx_word' id='word_1_150' title='bbox 200 1739 325 1773; x_wconf 87' lang='lat' dir='ltr'>vero</span> <span class='ocrx_word' id='word_1_151' title='bbox 383 1721 809 1773; x_wconf 85' lang='lat' dir='ltr'>adversariorum</span> <span class='ocrx_word' id='word_1_152' title='bbox 867 1723 1047 1791; x_wconf 89' lang='lat' dir='ltr'>copias</span> <span class='ocrx_word' id='word_1_153' title='bbox 1104 1739 1209 1772; x_wconf 88' lang='lat' dir='ltr'>non</span> <span class='ocrx_word' id='word_1_154' title='bbox 1264 1721 1422 1788; x_wconf 89' lang='lat' dir='ltr'>passi,</span> <span class='ocrx_word' id='word_1_155' title='bbox 1479 1720 1533 1770; x_wconf 92' lang='lat' dir='ltr'>in</span> <span class='ocrx_word' id='word_1_156' title='bbox 1586 1719 1768 1789; x_wconf 87' lang='lat' dir='ltr'>fugam</span> <span class='ocrx_word' id='word_1_157' title='bbox 1806 1720 2060 1774; x_wconf 75' lang='lat' dir='ltr'>feruntur.</span> 
     </span>
     <span class='ocr_line' id='line_1_24' title="bbox 199 1788 2061 1861; baseline -0.001 -19"><span class='ocrx_word' id='word_1_158' title='bbox 199 1791 515 1843; x_wconf 81' lang='lat' dir='ltr'>Nortmanni</span> <span class='ocrx_word' id='word_1_159' title='bbox 552 1800 729 1843; x_wconf 88' lang='lat' dir='ltr'>autem</span> <span class='ocrx_word' id='word_1_160' title='bbox 775 1792 997 1842; x_wconf 88' lang='lat' dir='ltr'>victoria</span> <span class='ocrx_word' id='word_1_161' title='bbox 1033 1792 1203 1861; x_wconf 85' lang='lat' dir='ltr'>potiti,</span> <span class='ocrx_word' id='word_1_162' title='bbox 1242 1790 1642 1841; x_wconf 85' lang='lat' dir='ltr'>Brittannorum</span> <span class='ocrx_word' id='word_1_163' title='bbox 1680 1789 1808 1841; x_wconf 86' lang='lat' dir='ltr'>alios</span> <span class='ocrx_word' id='word_1_164' title='bbox 1848 1788 2061 1858; x_wconf 56' lang='lat' dir='ltr'>gladios</span> 
     </span>
     <span class='ocr_line' id='line_1_25' title="bbox 202 1859 2062 1930; baseline -0.001 -18"><span class='ocrx_word' id='word_1_165' title='bbox 202 1861 464 1926; x_wconf 89' lang='lat' dir='ltr'>occidunt,</span> <span class='ocrx_word' id='word_1_166' title='bbox 516 1860 642 1912; x_wconf 89' lang='lat' dir='ltr'>alios</span> <span class='ocrx_word' id='word_1_167' title='bbox 693 1862 749 1912; x_wconf 86' lang='lat' dir='ltr'>in</span> <span class='ocrx_word' id='word_1_168' title='bbox 798 1860 987 1913; x_wconf 88' lang='lat' dir='ltr'>fluctus</span> <span class='ocrx_word' id='word_1_169' title='bbox 1038 1870 1249 1930; x_wconf 88' lang='lat' dir='ltr'>cogunt,</span> <span class='ocrx_word' id='word_1_170' title='bbox 1302 1859 1432 1911; x_wconf 89' lang='lat' dir='ltr'>alios</span> <span class='ocrx_word' id='word_1_171' title='bbox 1484 1878 1608 1911; x_wconf 91' lang='lat' dir='ltr'>vero</span> <span class='ocrx_word' id='word_1_172' title='bbox 1652 1879 1683 1910; x_wconf 93' lang='lat' dir='ltr'>a</span> <span class='ocrx_word' id='word_1_173' title='bbox 1732 1859 2062 1911; x_wconf 81' lang='lat' dir='ltr'>Brittanniae</span> 
     </span>
     <span class='ocr_line' id='line_1_26' title="bbox 199 1928 2061 2000; baseline -0.001 -19"><span class='ocrx_word' id='word_1_174' title='bbox 199 1932 392 1983; x_wconf 82' lang='lat' dir='ltr'>finibus</span> <span class='ocrx_word' id='word_1_175' title='bbox 432 1930 719 1996; x_wconf 87' lang='lat' dir='ltr'>eliminant,</span> <span class='ocrx_word' id='word_1_176' title='bbox 774 1941 934 1982; x_wconf 80' lang='lat' dir='ltr'>)reter</span> <span class='ocrx_word' id='word_1_177' title='bbox 979 1931 1074 1982; x_wconf 88' lang='lat' dir='ltr'>hos</span> <span class='ocrx_word' id='word_1_178' title='bbox 1124 1932 1214 2000; x_wconf 80' lang='lat' dir='ltr'>qui</span> <span class='ocrx_word' id='word_1_179' title='bbox 1264 1931 1528 1982; x_wconf 84' lang='lat' dir='ltr'>servitutis</span> <span class='ocrx_word' id='word_1_180' title='bbox 1575 1930 1699 1999; x_wconf 84' lang='lat' dir='ltr'>iugo</span> <span class='ocrx_word' id='word_1_181' title='bbox 1753 1928 1910 1981; x_wconf 84' lang='lat' dir='ltr'>subdi</span> <span class='ocrx_word' id='word_1_182' title='bbox 1955 1946 2061 1979; x_wconf 86' lang='lat' dir='ltr'>non</span> 
     </span>
     <span class='ocr_line' id='line_1_27' title="bbox 199 2018 526 2052; baseline -0.003 -1"><span class='ocrx_word' id='word_1_183' title='bbox 199 2018 526 2052; x_wconf 80' lang='lat' dir='ltr'>recusavere.</span> 
     </span>
    </p>
   </div>
   <div class='ocr_carea' id='block_1_6' title="bbox 286 2106 1957 2176">
    <p class='ocr_par' dir='ltr' id='par_1_6' title="bbox 286 2106 1957 2176">
     <span class='ocr_line' id='line_1_28' title="bbox 286 2106 1957 2176; baseline 0 -19"><span class='ocrx_word' id='word_1_184' title='bbox 286 2107 371 2157; x_wconf 68' lang='lat'>42.</span> <span class='ocrx_word' id='word_1_185' title='bbox 428 2108 544 2158; x_wconf 77' lang='lat' dir='ltr'>Rex</span> <span class='ocrx_word' id='word_1_186' title='bbox 562 2109 581 2139; x_wconf 84' lang='lat'>¹¹</span> <span class='ocrx_word' id='word_1_187' title='bbox 620 2114 814 2157; x_wconf 88' lang='lat' dir='ltr'>terram</span> <span class='ocrx_word' id='word_1_188' title='bbox 851 2107 1334 2157; x_wconf 74' lang='lat' dir='ltr'>Nortmannorum¹¹</span> <span class='ocrx_word' id='word_1_189' title='bbox 1375 2106 1620 2176; x_wconf 81' lang='lat' dir='ltr'>pervadit</span> <span class='ocrx_word' id='word_1_190' title='bbox 1657 2106 1904 2175; x_wconf 83' lang='lat' dir='ltr'>capitque</span> <span class='ocrx_word' id='word_1_191' title='bbox 1920 2107 1957 2157; x_wconf 69' lang='lat'>¹¹.</span> 
     </span>
    </p>
   </div>
   <div class='ocr_carea' id='block_1_7' title="bbox 197 2189 2059 3238">
    <p class='ocr_par' dir='ltr' id='par_1_7' title="bbox 197 2189 2059 3238">
     <span class='ocr_line' id='line_1_29' title="bbox 342 2189 2059 2260; baseline -0.001 -18"><span class='ocrx_word' id='word_1_192' title='bbox 342 2192 461 2256; x_wconf 73' lang='lat' dir='ltr'>Quo</span> <span class='ocrx_word' id='word_1_193' title='bbox 483 2202 497 2228; x_wconf 86' lang='lat'><strong>¹</strong></span> <span class='ocrx_word' id='word_1_194' title='bbox 549 2191 615 2242; x_wconf 81' lang='lat' dir='ltr'>ad</span> <span class='ocrx_word' id='word_1_195' title='bbox 660 2192 800 2260; x_wconf 86' lang='lat' dir='ltr'>regis</span> <span class='ocrx_word' id='word_1_196' title='bbox 851 2210 1003 2242; x_wconf 87' lang='lat' dir='ltr'>aures</span> <span class='ocrx_word' id='word_1_197' title='bbox 1056 2190 1275 2259; x_wconf 84' lang='lat' dir='ltr'>perlato,</span> <span class='ocrx_word' id='word_1_198' title='bbox 1330 2190 1633 2242; x_wconf 74' lang='lat' dir='ltr'>iArimlfum</span> <span class='ocrx_word' id='word_1_199' title='bbox 1680 2209 1741 2240; x_wconf 89' lang='lat' dir='ltr'>ac</span> <span class='ocrx_word' id='word_1_200' title='bbox 1779 2189 2059 2241; x_wconf 83' lang='lat' dir='ltr'>Erluinum</span> 
     </span>
     <span class='ocr_line' id='line_1_30' title="bbox 201 2259 2059 2329; baseline -0.001 -17"><span class='ocrx_word' id='word_1_201' title='bbox 201 2262 418 2314; x_wconf 86' lang='lat' dir='ltr'>comites</span> <span class='ocrx_word' id='word_1_202' title='bbox 457 2260 717 2329; x_wconf 89' lang='lat' dir='ltr'>simulque</span> <span class='ocrx_word' id='word_1_203' title='bbox 766 2268 816 2311; x_wconf 86' lang='lat' dir='ltr'>et</span> <span class='ocrx_word' id='word_1_204' title='bbox 866 2259 1206 2329; x_wconf 86' lang='lat' dir='ltr'>Burgundiae</span> <span class='ocrx_word' id='word_1_205' title='bbox 1259 2261 1536 2329; x_wconf 90' lang='lat' dir='ltr'>episcopos</span> <span class='ocrx_word' id='word_1_206' title='bbox 1588 2259 1787 2329; x_wconf 84' lang='lat' dir='ltr'>aliquot</span> <span class='ocrx_word' id='word_1_207' title='bbox 1832 2279 1928 2312; x_wconf 78' lang='lat' dir='ltr'>rex</span> <span class='ocrx_word' id='word_1_208' title='bbox 1976 2278 2059 2311; x_wconf 92' lang='lat' dir='ltr'>ac-</span> 
     </span>
     <span class='ocr_line' id='line_1_31' title="bbox 201 2329 2058 2396; baseline -0.001 -14"><span class='ocrx_word' id='word_1_209' title='bbox 201 2332 372 2382; x_wconf 88' lang='lat' dir='ltr'>cersit.</span> <span class='ocrx_word' id='word_1_210' title='bbox 446 2331 787 2382; x_wconf 85' lang='lat' dir='ltr'>Presenserat</span> <span class='ocrx_word' id='word_1_211' title='bbox 822 2332 1031 2396; x_wconf 84' lang='lat' dir='ltr'>etenim,</span> <span class='ocrx_word' id='word_1_212' title='bbox 1072 2349 1254 2382; x_wconf 87' lang='lat' dir='ltr'>eorum</span> <span class='ocrx_word' id='word_1_213' title='bbox 1287 2329 1566 2381; x_wconf 90' lang='lat' dir='ltr'>nonnullos</span> <span class='ocrx_word' id='word_1_214' title='bbox 1605 2349 1636 2381; x_wconf 90' lang='lat' dir='ltr'>a</span> <span class='ocrx_word' id='word_1_215' title='bbox 1672 2330 1775 2381; x_wconf 86' lang='lat' dir='ltr'>fide</span> <span class='ocrx_word' id='word_1_216' title='bbox 1803 2329 2058 2382; x_wconf 87' lang='lat' dir='ltr'>defecisse</span> 
     </span>
     <span class='ocr_line' id='line_1_32' title="bbox 198 2400 2058 2469; baseline 0 -19"><span class='ocrx_word' id='word_1_217' title='bbox 198 2401 524 2469; x_wconf 89' lang='lat' dir='ltr'>Hugonique</span> <span class='ocrx_word' id='word_1_218' title='bbox 565 2402 803 2452; x_wconf 87' lang='lat' dir='ltr'>cessisse.</span> <span class='ocrx_word' id='word_1_219' title='bbox 879 2400 960 2451; x_wconf 87' lang='lat' dir='ltr'>Ac</span> <span class='ocrx_word' id='word_1_220' title='bbox 1012 2418 1130 2451; x_wconf 86' lang='lat' dir='ltr'>cum</span> <span class='ocrx_word' id='word_1_221' title='bbox 1182 2401 1420 2452; x_wconf 78' lang='lat' dir='ltr'>exercitu</span> <span class='ocrx_word' id='word_1_222' title='bbox 1467 2402 1521 2450; x_wconf 90' lang='lat' dir='ltr'>in</span> <span class='ocrx_word' id='word_1_223' title='bbox 1570 2419 1657 2451; x_wconf 87' lang='lat' dir='ltr'>eos</span> <span class='ocrx_word' id='word_1_224' title='bbox 1709 2400 1887 2452; x_wconf 86' lang='lat' dir='ltr'>fertur.</span> <span class='ocrx_word' id='word_1_225' title='bbox 1961 2402 2058 2450; x_wconf 86' lang='lat' dir='ltr'>Ar-</span> 
     </span>
     <span class='ocr_line' id='line_1_33' title="bbox 197 2469 2057 2539; baseline -0.001 -18"><span class='ocrx_word' id='word_1_226' title='bbox 197 2470 370 2521; x_wconf 84' lang='lat' dir='ltr'>nulfus</span> <span class='ocrx_word' id='word_1_227' title='bbox 411 2488 529 2521; x_wconf 87' lang='lat' dir='ltr'>cum</span> <span class='ocrx_word' id='word_1_228' title='bbox 568 2471 675 2521; x_wconf 89' lang='lat' dir='ltr'>suis</span> <span class='ocrx_word' id='word_1_229' title='bbox 708 2488 888 2538; x_wconf 87' lang='lat' dir='ltr'>regem</span> <span class='ocrx_word' id='word_1_230' title='bbox 918 2470 1225 2539; x_wconf 83' lang='lat' dir='ltr'>precedens,</span> <span class='ocrx_word' id='word_1_231' title='bbox 1263 2470 1635 2536; x_wconf 78' lang='lat' dir='ltr'>Nortmannos,</span> <span class='ocrx_word' id='word_1_232' title='bbox 1675 2470 1765 2539; x_wconf 86' lang='lat' dir='ltr'>qui</span> <span class='ocrx_word' id='word_1_233' title='bbox 1792 2469 2057 2521; x_wconf 89' lang='lat' dir='ltr'>custodias</span> 
     </span>
     <span class='ocr_line' id='line_1_34' title="bbox 199 2538 2059 2609; baseline -0.001 -18"><span class='ocrx_word' id='word_1_234' title='bbox 199 2541 567 2605; x_wconf 84' lang='lat' dir='ltr'>observabant,</span> <span class='ocrx_word' id='word_1_235' title='bbox 605 2538 799 2592; x_wconf 90' lang='lat' dir='ltr'>utiliter</span> <span class='ocrx_word' id='word_1_236' title='bbox 837 2558 1149 2609; x_wconf 89' lang='lat' dir='ltr'>congressus</span> <span class='ocrx_word' id='word_1_237' title='bbox 1187 2540 1330 2608; x_wconf 87' lang='lat' dir='ltr'>apud</span> <span class='ocrx_word' id='word_1_238' title='bbox 1367 2540 1534 2591; x_wconf 78' lang='lat' dir='ltr'>Arcas</span> <span class='ocrx_word' id='word_1_239' title='bbox 1548 2542 1626 2576; x_wconf 48' lang='lat'>1³³</span> <span class='ocrx_word' id='word_1_240' title='bbox 1665 2539 1799 2591; x_wconf 89' lang='lat' dir='ltr'>fudit</span> <span class='ocrx_word' id='word_1_241' title='bbox 1843 2557 1907 2590; x_wconf 91' lang='lat' dir='ltr'>ac</span> <span class='ocrx_word' id='word_1_242' title='bbox 1944 2540 2059 2608; x_wconf 88' lang='lat' dir='ltr'>regi</span> 
     </span>
     <span class='ocr_line' id='line_1_35' title="bbox 198 2609 2059 2679; baseline 0.001 -19"><span class='ocrx_word' id='word_1_243' title='bbox 198 2611 466 2661; x_wconf 88' lang='lat' dir='ltr'>incessum</span> <span class='ocrx_word' id='word_1_244' title='bbox 517 2609 807 2679; x_wconf 77' lang='lat' dir='ltr'>expedivit.</span> <span class='ocrx_word' id='word_1_245' title='bbox 892 2611 1010 2661; x_wconf 76' lang='lat' dir='ltr'>Rex</span> <span class='ocrx_word' id='word_1_246' title='bbox 1048 2609 1385 2661; x_wconf 82' lang='lat' dir='ltr'>Rhodomum</span> <span class='ocrx_word' id='word_1_247' title='bbox 1441 2612 1674 2676; x_wconf 86' lang='lat' dir='ltr'>veniens,</span> <span class='ocrx_word' id='word_1_248' title='bbox 1729 2609 1795 2660; x_wconf 88' lang='lat' dir='ltr'>ab</span> <span class='ocrx_word' id='word_1_249' title='bbox 1851 2609 1916 2660; x_wconf 87' lang='lat' dir='ltr'>iis</span> <span class='ocrx_word' id='word_1_250' title='bbox 1968 2611 2059 2679; x_wconf 88' lang='lat' dir='ltr'>qui</span> 
     </span>
     <span class='ocr_line' id='line_1_36' title="bbox 200 2680 2058 2749; baseline -0.001 -18"><span class='ocrx_word' id='word_1_251' title='bbox 200 2680 324 2731; x_wconf 88' lang='lat' dir='ltr'>fidei</span> <span class='ocrx_word' id='word_1_252' title='bbox 363 2685 686 2731; x_wconf 80' lang='lat' dir='ltr'>*servatores</span> <span class='ocrx_word' id='word_1_253' title='bbox 734 2680 878 2731; x_wconf 87' lang='lat' dir='ltr'>fuere</span> <span class='ocrx_word' id='word_1_254' title='bbox 919 2688 1175 2749; x_wconf 72' lang='lat' dir='ltr'>exceptus</span> <span class='ocrx_word' id='word_1_255' title='bbox 1214 2688 1305 2732; x_wconf 90' lang='lat' dir='ltr'>est.</span> <span class='ocrx_word' id='word_1_256' title='bbox 1379 2680 1692 2731; x_wconf 89' lang='lat' dir='ltr'>Desertores</span> <span class='ocrx_word' id='word_1_257' title='bbox 1740 2697 1865 2731; x_wconf 90' lang='lat' dir='ltr'>vero</span> <span class='ocrx_word' id='word_1_258' title='bbox 1913 2696 2058 2730; x_wconf 90' lang='lat' dir='ltr'>mare</span> 
     </span>
     <span class='ocr_line' id='line_1_37' title="bbox 200 2747 2058 2820; baseline -0.001 -20"><span class='ocrx_word' id='word_1_259' title='bbox 200 2759 455 2818; x_wconf 89' lang='lat' dir='ltr'>petentes,</span> <span class='ocrx_word' id='word_1_260' title='bbox 494 2748 695 2800; x_wconf 89' lang='lat' dir='ltr'>amoliti</span> <span class='ocrx_word' id='word_1_261' title='bbox 742 2760 878 2801; x_wconf 88' lang='lat' dir='ltr'>sunt.</span> <span class='ocrx_word' id='word_1_262' title='bbox 960 2750 1252 2820; x_wconf 79' lang='lat' dir='ltr'>Municipia</span> <span class='ocrx_word' id='word_1_263' title='bbox 1297 2767 1422 2801; x_wconf 91' lang='lat' dir='ltr'>vero</span> <span class='ocrx_word' id='word_1_264' title='bbox 1475 2750 1641 2819; x_wconf 88' lang='lat' dir='ltr'>copiis</span> <span class='ocrx_word' id='word_1_265' title='bbox 1690 2749 1894 2800; x_wconf 89' lang='lat' dir='ltr'>munita</span> <span class='ocrx_word' id='word_1_266' title='bbox 1943 2747 2058 2800; x_wconf 87' lang='lat' dir='ltr'>reli-</span> 
     </span>
     <span class='ocr_line' id='line_1_38' title="bbox 202 2817 2056 2888; baseline 0.001 -20"><span class='ocrx_word' id='word_1_267' title='bbox 202 2837 376 2887; x_wconf 86' lang='lat' dir='ltr'>quere.</span> <span class='ocrx_word' id='word_1_268' title='bbox 468 2820 587 2870; x_wconf 74' lang='lat' dir='ltr'>Rex</span> <span class='ocrx_word' id='word_1_269' title='bbox 636 2818 893 2870; x_wconf 88' lang='lat' dir='ltr'>malorum</span> <span class='ocrx_word' id='word_1_270' title='bbox 942 2820 1131 2870; x_wconf 89' lang='lat' dir='ltr'>nimias</span> <span class='ocrx_word' id='word_1_271' title='bbox 1187 2838 1300 2871; x_wconf 91' lang='lat' dir='ltr'>esse</span> <span class='ocrx_word' id='word_1_272' title='bbox 1351 2819 1531 2888; x_wconf 89' lang='lat' dir='ltr'>copias</span> <span class='ocrx_word' id='word_1_273' title='bbox 1583 2818 1939 2884; x_wconf 86' lang='lat' dir='ltr'>considerans,</span> <span class='ocrx_word' id='word_1_274' title='bbox 1989 2817 2056 2869; x_wconf 88' lang='lat' dir='ltr'>ab</span> 
     </span>
     <span class='ocr_line' id='line_1_39' title="bbox 201 2887 2056 2958; baseline 0 -20"><span class='ocrx_word' id='word_1_275' title='bbox 201 2889 432 2956; x_wconf 87' lang='lat' dir='ltr'>Hugonc</span> <span class='ocrx_word' id='word_1_276' title='bbox 488 2888 621 2939; x_wconf 89' lang='lat' dir='ltr'>duce</span> <span class='ocrx_word' id='word_1_277' title='bbox 673 2890 942 2958; x_wconf 87' lang='lat' dir='ltr'>suppetias</span> <span class='ocrx_word' id='word_1_278' title='bbox 995 2888 1372 2958; x_wconf 88' lang='lat' dir='ltr'>congrediendi</span> <span class='ocrx_word' id='word_1_279' title='bbox 1419 2907 1514 2957; x_wconf 91' lang='lat' dir='ltr'>per</span> <span class='ocrx_word' id='word_1_280' title='bbox 1559 2888 1760 2957; x_wconf 88' lang='lat' dir='ltr'>legatos</span> <span class='ocrx_word' id='word_1_281' title='bbox 1809 2887 2056 2957; x_wconf 88' lang='lat' dir='ltr'>postulat.</span> 
     </span>
     <span class='ocr_line' id='line_1_40' title="bbox 198 2958 2058 3028; baseline 0.001 -20"><span class='ocrx_word' id='word_1_282' title='bbox 198 2958 269 3010; x_wconf 86' lang='lat' dir='ltr'>Et</span> <span class='ocrx_word' id='word_1_283' title='bbox 305 2967 362 3009; x_wconf 89' lang='lat' dir='ltr'>ut</span> <span class='ocrx_word' id='word_1_284' title='bbox 399 2958 513 3026; x_wconf 88' lang='lat' dir='ltr'>ipse</span> <span class='ocrx_word' id='word_1_285' title='bbox 542 2976 663 3008; x_wconf 88' lang='lat' dir='ltr'>cum</span> <span class='ocrx_word' id='word_1_286' title='bbox 691 2958 1072 3011; x_wconf 89' lang='lat' dir='ltr'>sufficientibus</span> <span class='ocrx_word' id='word_1_287' title='bbox 1101 2959 1268 3028; x_wconf 90' lang='lat' dir='ltr'>copiis</span> <span class='ocrx_word' id='word_1_288' title='bbox 1293 2959 1486 3023; x_wconf 88' lang='lat' dir='ltr'>veniat,</span> <span class='ocrx_word' id='word_1_289' title='bbox 1524 2959 1841 3009; x_wconf 83' lang='lat' dir='ltr'>Baiocarum</span> <span class='ocrx_word' id='word_1_290' title='bbox 1870 2958 2058 3010; x_wconf 90' lang='lat' dir='ltr'>urbem</span> 
     </span>
     <span class='ocr_line' id='line_1_41' title="bbox 199 3027 2056 3099; baseline 0 -22"><span class='ocrx_word' id='word_1_291' title='bbox 199 3028 285 3093; x_wconf 86' lang='lat' dir='ltr'>ita,</span> <span class='ocrx_word' id='word_1_292' title='bbox 349 3028 414 3077; x_wconf 89' lang='lat' dir='ltr'>si¹</span> <span class='ocrx_word' id='word_1_293' title='bbox 478 3046 595 3078; x_wconf 89' lang='lat' dir='ltr'>eam</span> <span class='ocrx_word' id='word_1_294' title='bbox 658 3047 779 3079; x_wconf 90' lang='lat' dir='ltr'>cum</span> <span class='ocrx_word' id='word_1_295' title='bbox 833 3028 1049 3099; x_wconf 89' lang='lat' dir='ltr'>reliquis</span> <span class='ocrx_word' id='word_1_296' title='bbox 1107 3036 1401 3098; x_wconf 81' lang='lat' dir='ltr'>expugnet,</span> <span class='ocrx_word' id='word_1_297' title='bbox 1457 3027 1839 3080; x_wconf 85' lang='lat' dir='ltr'>accommodat.</span> <span class='ocrx_word' id='word_1_298' title='bbox 1925 3028 2056 3079; x_wconf 86' lang='lat' dir='ltr'>Dux</span> 
     </span>
     <span class='ocr_line' id='line_1_42' title="bbox 198 3097 2054 3167; baseline 0.001 -20"><span class='ocrx_word' id='word_1_299' title='bbox 198 3097 395 3147; x_wconf 83' lang='lat' dir='ltr'>donum</span> <span class='ocrx_word' id='word_1_300' title='bbox 434 3098 639 3165; x_wconf 85' lang='lat' dir='ltr'>regium</span> <span class='ocrx_word' id='word_1_301' title='bbox 675 3100 962 3167; x_wconf 86' lang='lat' dir='ltr'>excipiens,</span> <span class='ocrx_word' id='word_1_302' title='bbox 1002 3099 1274 3167; x_wconf 86' lang='lat' dir='ltr'>suppetias</span> <span class='ocrx_word' id='word_1_303' title='bbox 1313 3106 1508 3165; x_wconf 84' lang='lat' dir='ltr'>paratm</span> <span class='ocrx_word' id='word_1_304' title='bbox 1545 3098 1765 3167; x_wconf 85' lang='lat' dir='ltr'>regique</span> <span class='ocrx_word' id='word_1_305' title='bbox 1795 3097 2054 3149; x_wconf 87' lang='lat' dir='ltr'>subvenit.</span> 
     </span>
     <span class='ocr_line' id='line_1_43' title="bbox 201 3165 2054 3238; baseline 0.001 -21"><span class='ocrx_word' id='word_1_306' title='bbox 201 3166 336 3218; x_wconf 83' lang='lat' dir='ltr'>Cum</span> <span class='ocrx_word' id='word_1_307' title='bbox 394 3167 500 3217; x_wconf 86' lang='lat' dir='ltr'>suis</span> <span class='ocrx_word' id='word_1_308' title='bbox 558 3167 734 3236; x_wconf 85' lang='lat' dir='ltr'>itaque</span> <span class='ocrx_word' id='word_1_309' title='bbox 791 3186 852 3218; x_wconf 88' lang='lat' dir='ltr'>ac</span> <span class='ocrx_word' id='word_1_310' title='bbox 908 3168 1225 3238; x_wconf 85' lang='lat' dir='ltr'>quibusdam</span> <span class='ocrx_word' id='word_1_311' title='bbox 1278 3166 1667 3236; x_wconf 88' lang='lat' dir='ltr'>Cisalpinorum</span> <span class='ocrx_word' id='word_1_312' title='bbox 1717 3165 2054 3236; x_wconf 81' lang='lat' dir='ltr'>potentibus5</span> 
     </span>
    </p>
   </div>
   <div class='ocr_carea' id='block_1_8' title="bbox 296 3300 2052 3344">
    <p class='ocr_par' dir='ltr' id='par_1_8' title="bbox 296 3300 2052 3344">
     <span class='ocr_line' id='line_1_44' title="bbox 296 3300 2052 3344; baseline 0.002 -12"><span class='ocrx_word' id='word_1_313' title='bbox 296 3300 333 3342; x_wconf 87' lang='lat' dir='ltr'>a)</span> <span class='ocrx_word' id='word_1_314' title='bbox 375 3303 432 3342; x_wconf 84' lang='lat' dir='ltr'>de,</span> <span class='ocrx_word' id='word_1_315' title='bbox 469 3303 512 3342; x_wconf 87' lang='lat' dir='ltr'>ti,</span> <span class='ocrx_word' id='word_1_316' title='bbox 551 3305 588 3332; x_wconf 84' lang='lat' dir='ltr'>ta</span> <span class='ocrx_word' id='word_1_317' title='bbox 623 3303 714 3333; x_wconf 77' lang='lat' dir='ltr'>absc.</span> <span class='ocrx_word' id='word_1_318' title='bbox 840 3303 877 3343; x_wconf 76' lang='lat' dir='ltr'>b)</span> <span class='ocrx_word' id='word_1_319' title='bbox 911 3309 992 3343; x_wconf 77' lang='lat' dir='ltr'>post</span> <span class='ocrx_word' id='word_1_320' title='bbox 1030 3304 1110 3334; x_wconf 69' lang='lat' dir='ltr'>add.</span> <span class='ocrx_word' id='word_1_321' title='bbox 1238 3302 1271 3344; x_wconf 86' lang='lat' dir='ltr'>c)</span> <span class='ocrx_word' id='word_1_322' title='bbox 1308 3312 1344 3342; x_wconf 90' lang='lat' dir='ltr'>p.</span> <span class='ocrx_word' id='word_1_323' title='bbox 1383 3306 1469 3333; x_wconf 88' lang='lat' dir='ltr'>sunt</span> <span class='ocrx_word' id='word_1_324' title='bbox 1506 3304 1537 3335; x_wconf 90' lang='lat'>1.</span> <span class='ocrx_word' id='word_1_325' title='bbox 1650 3301 1687 3343; x_wconf 84' lang='lat' dir='ltr'>d)</span> <span class='ocrx_word' id='word_1_326' title='bbox 1727 3303 1931 3334; x_wconf 83' lang='lat' dir='ltr'>Brintanni</span> <span class='ocrx_word' id='word_1_327' title='bbox 1958 3311 2052 3335; x_wconf 77' lang='lat' dir='ltr'>corr.</span> 
     </span>
    </p>
   </div>
   <div class='ocr_carea' id='block_1_9' title="bbox 197 3349 2053 3547">
    <p class='ocr_par' dir='ltr' id='par_1_9' title="bbox 197 3349 2053 3547">
     <span class='ocr_line' id='line_1_45' title="bbox 197 3349 2053 3392; baseline 0.001 -11"><span class='ocrx_word' id='word_1_328' title='bbox 197 3351 402 3382; x_wconf 83' lang='lat' dir='ltr'>Brittanni.</span> <span class='ocrx_word' id='word_1_329' title='bbox 507 3349 541 3390; x_wconf 84' lang='lat' dir='ltr'>e)</span> <span class='ocrx_word' id='word_1_330' title='bbox 582 3352 755 3390; x_wconf 81' lang='lat' dir='ltr'>pervadit</span> <span class='ocrx_word' id='word_1_331' title='bbox 787 3355 816 3384; x_wconf 82' lang='lat'>1.</span> <span class='ocrx_word' id='word_1_332' title='bbox 928 3352 957 3392; x_wconf 84' lang='lat' dir='ltr'>f)</span> <span class='ocrx_word' id='word_1_333' title='bbox 995 3353 1043 3384; x_wconf 84' lang='lat' dir='ltr'>At</span> <span class='ocrx_word' id='word_1_334' title='bbox 1079 3354 1145 3386; x_wconf 86' lang='lat' dir='ltr'>Br.</span> <span class='ocrx_word' id='word_1_335' title='bbox 1185 3354 1215 3384; x_wconf 89' lang='lat'>1.</span> <span class='ocrx_word' id='word_1_336' title='bbox 1319 3351 1357 3392; x_wconf 87' lang='lat' dir='ltr'>g)</span> <span class='ocrx_word' id='word_1_337' title='bbox 1396 3352 1548 3390; x_wconf 83' lang='lat' dir='ltr'>gladios</span> <span class='ocrx_word' id='word_1_338' title='bbox 1588 3353 1619 3384; x_wconf 89' lang='lat'>1.</span> <span class='ocrx_word' id='word_1_339' title='bbox 1731 3350 1769 3389; x_wconf 85' lang='lat' dir='ltr'>h)</span> <span class='ocrx_word' id='word_1_340' title='bbox 1807 3351 1849 3388; x_wconf 80' lang='lat' dir='ltr'>R,</span> <span class='ocrx_word' id='word_1_341' title='bbox 1886 3351 1931 3391; x_wconf 86' lang='lat' dir='ltr'>N,</span> <span class='ocrx_word' id='word_1_342' title='bbox 1968 3360 1997 3392; x_wconf 88' lang='lat' dir='ltr'>r,</span> <span class='ocrx_word' id='word_1_343' title='bbox 2035 3360 2053 3382; x_wconf 89' lang='lat' dir='ltr'>c</span> 
     </span>
     <span class='ocr_line' id='line_1_46' title="bbox 199 3397 1862 3441; baseline 0.002 -12"><span class='ocrx_word' id='word_1_344' title='bbox 199 3400 290 3434; x_wconf 78' lang='lat' dir='ltr'>absc.</span> <span class='ocrx_word' id='word_1_345' title='bbox 392 3399 419 3439; x_wconf 90' lang='lat' dir='ltr'>i)</span> <span class='ocrx_word' id='word_1_346' title='bbox 448 3409 482 3438; x_wconf 89' lang='lat' dir='ltr'>p.</span> <span class='ocrx_word' id='word_1_347' title='bbox 515 3408 580 3430; x_wconf 81' lang='lat' dir='ltr'>rex</span> <span class='ocrx_word' id='word_1_348' title='bbox 608 3400 652 3432; x_wconf 70' lang='lat' dir='ltr'>A.</span> <span class='ocrx_word' id='word_1_349' title='bbox 687 3403 714 3433; x_wconf 92' lang='lat'>1.</span> <span class='ocrx_word' id='word_1_350' title='bbox 817 3400 855 3440; x_wconf 84' lang='lat' dir='ltr'>k)</span> <span class='ocrx_word' id='word_1_351' title='bbox 887 3402 1031 3432; x_wconf 80' lang='lat' dir='ltr'>Archas</span> <span class='ocrx_word' id='word_1_352' title='bbox 1063 3404 1092 3433; x_wconf 91' lang='lat' dir='ltr'>l.</span> <span class='ocrx_word' id='word_1_353' title='bbox 1197 3400 1225 3441; x_wconf 89' lang='lat' dir='ltr'>l)</span> <span class='ocrx_word' id='word_1_354' title='bbox 1255 3404 1296 3433; x_wconf 89' lang='lat' dir='ltr'>ut</span> <span class='ocrx_word' id='word_1_355' title='bbox 1322 3404 1403 3431; x_wconf 75' lang='lat' dir='ltr'>ame</span> <span class='ocrx_word' id='word_1_356' title='bbox 1430 3401 1461 3431; x_wconf 88' lang='lat' dir='ltr'>si</span> <span class='ocrx_word' id='word_1_357' title='bbox 1489 3401 1552 3432; x_wconf 79' lang='lat' dir='ltr'>del.</span> <span class='ocrx_word' id='word_1_358' title='bbox 1656 3397 1707 3439; x_wconf 89' lang='lat' dir='ltr'>m)</span> <span class='ocrx_word' id='word_1_359' title='bbox 1738 3401 1801 3430; x_wconf 84' lang='lat' dir='ltr'>dat</span> <span class='ocrx_word' id='word_1_360' title='bbox 1830 3402 1862 3433; x_wconf 90' lang='lat'>1.</span> 
     </span>
     <span class='ocr_line' id='line_1_47' title="bbox 325 3493 2052 3547; baseline 0.001 -15"><span class='ocrx_word' id='word_1_361' title='bbox 325 3494 368 3545; x_wconf 87' lang='lat'>1)</span> <span class='ocrx_word' id='word_1_362' title='bbox 402 3493 470 3532; x_wconf 86' lang='lat' dir='ltr'>Ex</span> <span class='ocrx_word' id='word_1_363' title='bbox 503 3493 632 3535; x_wconf 86' lang='lat' dir='ltr'>Flod.</span> <span class='ocrx_word' id='word_1_364' title='bbox 760 3495 805 3545; x_wconf 77' lang='lat'>⁶2)</span> <span class='ocrx_word' id='word_1_365' title='bbox 839 3496 1019 3537; x_wconf 80' lang='lat' dir='ltr'>Nautes.</span> <span class='ocrx_word' id='word_1_366' title='bbox 1070 3495 1350 3537; x_wconf 84' lang='lat' dir='ltr'>Flodoardus</span> <span class='ocrx_word' id='word_1_367' title='bbox 1370 3493 1611 3535; x_wconf 84' lang='lat' dir='ltr'>Dolensem</span> <span class='ocrx_word' id='word_1_368' title='bbox 1638 3494 1893 3547; x_wconf 83' lang='lat' dir='ltr'>episcopum</span> <span class='ocrx_word' id='word_1_369' title='bbox 1917 3493 2052 3534; x_wconf 85' lang='lat' dir='ltr'>fuisse</span> 
     </span>
    </p>
   </div>
   <div class='ocr_carea' id='block_1_10' title="bbox 200 3552 1975 3610">
    <p class='ocr_par' dir='ltr' id='par_1_10' title="bbox 200 3552 1975 3610">
     <span class='ocr_line' id='line_1_48' title="bbox 200 3552 1975 3610; baseline 0.001 -17"><span class='ocrx_word' id='word_1_370' title='bbox 200 3552 344 3594; x_wconf 86' lang='lat' dir='ltr'>refert.</span> <span class='ocrx_word' id='word_1_371' title='bbox 472 3553 519 3607; x_wconf 85' lang='lat'>3)</span> <span class='ocrx_word' id='word_1_372' title='bbox 548 3555 733 3608; x_wconf 84' lang='lat' dir='ltr'>Arques.</span> <span class='ocrx_word' id='word_1_373' title='bbox 859 3556 905 3608; x_wconf 85' lang='lat'>5)</span> <span class='ocrx_word' id='word_1_374' title='bbox 941 3556 1204 3608; x_wconf 74' lang='lat' dir='ltr'>quibusdam</span> <span class='ocrx_word' id='word_1_375' title='bbox 1235 3555 1527 3610; x_wconf 76' lang='lat' dir='ltr'>Buryundz’ae</span> <span class='ocrx_word' id='word_1_376' title='bbox 1551 3553 1810 3606; x_wconf 78' lang='lat' dir='ltr'>proceribus</span> <span class='ocrx_word' id='word_1_377' title='bbox 1844 3554 1975 3595; x_wconf 82' lang='lat' dir='ltr'>Flod.</span> 
     </span>
    </p>
   </div>
   <div class='ocr_carea' id='block_1_11' title="bbox 2226 374 2240 927">
    <p class='ocr_par' dir='ltr' id='par_1_11' title="bbox 2226 374 2240 927">
     <span class='ocr_line' id='line_1_49' title="bbox 2226 374 2240 927; textangle 90"><span class='ocrx_word' id='word_1_378' title='bbox 2238 923 2240 927; x_wconf 95' lang='lat'>.</span> <span class='ocrx_word' id='word_1_379' title='bbox 2233 879 2240 896; x_wconf 68' lang='grc' dir='ltr'>ι.</span> <span class='ocrx_word' id='word_1_380' title='bbox 2226 426 2240 860; x_wconf 44' lang='lat' dir='ltr'>„vab-..fflvaemncss-..—c.¹¹.a</span> <span class='ocrx_word' id='word_1_381' title='bbox 2227 374 2240 402; x_wconf 81' lang='lat'>.:.</span> 
     </span>
    </p>
   </div>
  </div>
 </body>
</html>
