2240 3879
140 380 220 412 991.

111 429 223 464 Mart.

242 228 324 267 152
630 224 883 265 RICHERI
916 220 1331 263 HISTORIARUM
1363 219 1547 259 LIBER
1578 220 1689 259 1111.

241 363 518 416 comitibus
558 362 798 413 lucorum
847 361 1134 425 anfractus,
1185 376 1291 409 non
1337 357 1545 410 defuere
1600 357 1869 410 infortunii
1918 375 2088 410 casus,

238 435 376 486 Nam
412 432 710 484 fallentibus
746 431 919 497 biviis,
967 449 1060 482 sex
1096 429 1370 497 leugarum
1421 426 1778 495 superfluitate
1824 427 2086 479 exorbita-

238 505 428 557 vimus.
489 502 821 553 Transmisso
859 518 982 551 vero
1021 498 1303 551 Teodorici
1340 497 1567 562 castello,
1606 498 1928 565 parvaredus
1966 506 2088 550 ante

239 574 384 624 visus
420 571 744 641 bucephalus
782 570 895 622 fieri
948 570 1124 638 coepit
1161 566 1319 620 asello
1356 566 1725 618 tardiusculus.
1790 567 1905 618 Iam
1943 565 2021 618 sol
2056 585 2089 618 a

239 642 593 694 mesembrino
632 641 957 702 discesserat,
995 648 1211 708 totoque
1249 655 1367 688 aere
1404 638 1459 686 in
1495 636 1700 704 pluvias
1727 635 1995 702 dissoluto,
2032 637 2087 686 in

241 730 488 764 occasum
523 710 789 778 vergebat,
841 727 961 760 cum
997 708 1143 759 fortis
1180 706 1265 758 ille
1302 705 1568 758 bucefalus
1616 723 1859 774 supremo
1907 705 2087 757 labore

238 783 425 848 victus,
462 783 598 832 inter
633 779 832 831 femora
866 777 1141 829 insidentis
1179 777 1329 847 pueri
1366 776 1612 828 deficiens
1641 776 1847 841 corruit,
1875 783 1924 826 et
1948 774 2090 827 velut

239 851 443 920 fulgure
480 852 742 912 traiectus,
782 856 962 900 sextoa
1000 847 1222 898 miliario
1261 845 1327 896 ab
1354 845 1483 897 urbe
1511 846 1813 915 exspiravit.
1878 844 2090 909 Quanta

239 929 365 973 tunc
404 920 501 971 fuit
537 918 881 988 perturbatio,
921 925 1115 987 quanta
1142 917 1396 980 anxietas,
1436 915 1510 966 illi
1546 914 1872 984 perpendere
1897 912 2087 980 valent,

242 991 330 1059 qui
379 1007 529 1040 casus
579 986 773 1040 similes
823 986 1106 1056 aliquando
1153 987 1390 1055 perpessi
1437 994 1569 1050 sunt,
1621 994 1671 1035 et
1716 1003 1783 1035 ex
1830 982 2092 1035 similibus

242 1058 433 1111 similia
472 1058 735 1127 colligant.
796 1058 935 1108 Puer
969 1057 1278 1125 inexpertus
1316 1056 1446 1106 tanti
1483 1055 1682 1106 itineris
1709 1052 2091 1119 difficultatem,

240 1128 408 1180 fessus
446 1137 554 1180 toto
594 1145 813 1196 corpore
852 1145 986 1196 equo
1025 1128 1216 1178 amisso
1261 1124 1481 1177 iacebat.
1554 1124 1943 1193 Impedimenta
1979 1123 2090 1174 sine

240 1208 450 1250 vectore
489 1198 721 1250 aderant.
795 1197 998 1248 Imbres
1049 1197 1210 1246 nimia
1258 1195 1516 1246 infusione
1560 1195 1795 1248 ruebant.
1872 1192 2090 1244 Caelum

240 1267 423 1320 nubila.
458 1267 815 1337 pretendebat.
892 1266 982 1318 Sol
1018 1267 1123 1317 iam
1160 1267 1213 1316 in
1252 1282 1441 1316 occasu
1484 1263 1786 1315 minabatur
1832 1261 2090 1315 tenebras.

240 1339 384 1390 Inter
438 1337 566 1390 haec
621 1339 795 1388 omnia
859 1336 1120 1388 dubitanti
1183 1334 1458 1386 consilium
1509 1354 1539 1385 a
1587 1334 1703 1385 Deo
1760 1351 1865 1384 non
1911 1332 2092 1384 defuit.

239 1408 471 1460 Puerum
507 1426 735 1477 namque
775 1424 892 1457 011111
928 1405 1317 1475 impedimentis
1354 1403 1430 1454 ibi
1464 1404 1677 1473 reliqui3
1718 1403 2017 1472 dictatoque
2045 1403 2093 1453 ei

242 1478 369 1547 quid
411 1480 760 1546 interrogatus
801 1496 831 1527 a
866 1476 1256 1526 transetmtibus
1307 1473 1648 1542 responderet
1707 1481 1756 1524 et
1812 1481 1870 1524 ut
1907 1489 2091 1522 somno

239 1548 534 1598 imminenti
569 1547 845 1611 resisteret,
884 1544 992 1595 solo
1032 1545 1204 1613 equite
1233 1543 1517 1595 Carnotino
1546 1544 1838 1607 comitatus,
1874 1540 2092 1593 Meldim

239 1619 471 1686 perveni.
543 1617 766 1668 Pontem
806 1633 1012 1684 quoque
1050 1616 1144 1665 vix
1182 1613 1245 1664 de
1282 1613 1398 1664 luce
1436 1612 1639 1677 videns,
1677 1611 1958 1679 ingredior.
2023 1610 2096 1662 Et

241 1688 367 1738 dum
406 1686 707 1755 diligentius
747 1683 1142 1753 contemplarer,
1187 1685 1337 1734 novis
1374 1684 1564 1734 iterum
1600 1681 1897 1732 infortuniis
1936 1699 2093 1749 ange-

239 1756 351 1808 bar.
426 1757 609 1808 Tantis
665 1756 805 1806 enim
861 1762 910 1806 et
963 1763 1039 1806 tot
1093 1753 1322 1804 hiatibus
1372 1752 1601 1822 patebat,
1652 1760 1710 1802 ut
1757 1752 1849 1802 vix
1895 1751 2093 1802 civium

238 1827 521 1879 necessarii
560 1825 643 1877 die
682 1825 865 1877 eadem
903 1843 998 1894 per
1024 1843 1145 1875 eum
1170 1824 1485 1875 transierint.
1543 1821 1856 1873 Carnotinus
1882 1821 2095 1889 inpiger

242 1906 291 1949 et
327 1899 381 1947 in
419 1895 722 1966 peragendo
759 1896 944 1946 itinere
983 1895 1108 1945 satis
1140 1893 1407 1962 providus,
1446 1891 1744 1943 naviculam
1771 1892 2095 1960 circumqua-

243 1985 343 2036 que
380 1967 648 2036 inquirens
689 1974 739 2016 et
774 1963 971 2015 nullam
1006 1964 1296 2029 inveniens,
1335 1963 1402 2013 ad
1439 1964 1613 2032 pontis
1651 1959 1888 2030 pericula
1922 1959 2094 2026 rediit,

241 2045 293 2088 et
327 2045 385 2087 ut
422 2037 543 2105 equi
577 2034 865 2086 incolumes
903 2034 1378 2084 transmitterentur
1416 2053 1442 2084 e
1482 2032 1623 2083 caelo
1662 2031 1894 2082 emeruit.
1958 2029 2094 2081 Nam

240 2108 296 2157 in
332 2106 461 2157 locis
497 2104 762 2156 hiantibus
812 2122 1068 2172 equorum
1116 2103 1340 2171 pedibus
1378 2101 1660 2170 aliquando
1707 2100 1936 2169 clipeum
1974 2099 2095 2151 sub-

243 2176 387 2241 dens,
426 2174 705 2244 aliquando
743 2173 948 2225 tabulas
987 2173 1218 2224 abiectas
1244 2171 1550 2239 adiungens,
1589 2171 1746 2222 modo
1772 2172 2093 2235 incurvatus,

242 2246 398 2297 modo
449 2253 668 2310 erectus,
717 2242 874 2294 niodo
924 2242 1204 2306 accedens,
1255 2241 1411 2292 modo
1460 2259 1763 2305 recurrens,
1810 2238 2095 2290 efficaciter

244 2334 366 2367 cum
405 2316 552 2384 equis
590 2333 673 2366 me
713 2314 995 2365 comitante
1031 2312 1348 2379 pertransiit.
1418 2311 1541 2362 Nox
1577 2310 1905 2361 inhorruerat
1943 2327 2092 2359 mun-

244 2386 474 2455 dumque
512 2392 644 2436 tetra
682 2383 902 2452 caligine
944 2383 1251 2447 obduxerat,
1293 2400 1412 2432 011111
1447 2379 1721 2433 basilicam
1760 2379 1925 2430 sancti
1960 2377 2093 2429 Pha-

242 2457 384 2507 ronis
410 2455 601 2520 introii,
622 2453 869 2505 fratribus
897 2452 1069 2503 adhuc
1097 2451 1408 2520 parantibus
1434 2460 1620 2519 potum
1648 2449 1877 2501 caritatis
1894 2459 1928 2499 ¹.
1974 2447 2094 2512 Qua.

242 2526 326 2577 die
364 2524 718 2593 sollempniter
754 2529 1078 2592 pranserant,
1125 2523 1340 2573 recitato
1394 2519 1659 2589 capitulob
1710 2519 1773 2570 de
1822 2516 2093 2570 cellarario

240 2596 560 2661 monasterii,
600 2593 738 2663 quod
777 2593 876 2644 fuit
912 2610 1071 2643 causa
1107 2599 1213 2643 tam
1253 2610 1398 2643 serae
1442 2590 1740 2659 potationis.
1813 2587 1863 2638 A
1902 2587 2094 2657 quibus

240 2674 298 2716 ut
332 2665 493 2717 frater
531 2671 801 2733 exceptus,
850 2661 1093 2713 dulcibus
1131 2660 1375 2730 alloquiis
1427 2660 1662 2729 cibisque
1712 2656 2094 2710 sufficientibus

240 2744 503 2787 recreatus
542 2753 672 2785 sum.
749 2731 1095 2785 Carnotinum
1134 2732 1364 2801 equitem
1411 2749 1532 2782 cum
1581 2729 1728 2798 equis
1765 2730 1928 2780 vitata
1964 2745 2094 2796 pon-

240 2806 340 2856 tisc
406 2803 639 2874 pericula
700 2804 891 2854 iterum
944 2809 1377 2870 attemptaturum
1443 2818 1606 2870 puero
1658 2798 1839 2850 relicto
1894 2797 2093 2848 remisi.

240 2874 370 2926 Arte
407 2875 663 2943 premissa
700 2873 1017 2942 pertransiit.
1079 2873 1150 2923 Et
1187 2871 1256 2922 ad
1293 2889 1517 2940 puerum
1558 2868 1787 2921 secunda
1822 2868 1990 2918 noctis
2016 2867 2093 2917 vi-

241 2943 366 3013 gilia
404 2942 729 2994 errabundus
767 2943 1021 3011 pervenit.
1096 2942 1309 3010 Vixque
1347 2960 1467 2992 eum
1506 2940 1712 3008 saepius
1749 2936 2091 2989 inclamatum

240 3014 489 3083 repperit.
564 3013 681 3078 Quo
721 3021 990 3080 assumpto
1031 3031 1151 3063 cum
1189 3011 1257 3062 ad
1295 3011 1480 3062 mbem
1528 3008 1838 3072 devenisset,
1882 3023 2089 3074 suspec-

242 3094 324 3136 tus
361 3083 535 3152 pontis
584 3080 832 3152 pericula,
886 3100 1018 3151 quae
1066 3082 1353 3150 pernitiosa
1405 3080 1764 3150 experimento
1815 3075 2091 3142 didicerat,

244 3172 363 3204 cum
401 3170 563 3222 puero
603 3160 653 3204 ct
690 3153 837 3220 equis
875 3152 929 3202 in
957 3152 1231 3203 cuiusdam
1256 3151 1522 3219 tugurium
1550 3146 1845 3199 declinavit.
1899 3144 2092 3215 Ibique

242 3241 337 3291 per
372 3232 535 3274 totam
573 3221 712 3273 diem
751 3220 982 3289 incibati,
1019 3229 1172 3272 nocte
1209 3219 1296 3271 illa
1334 3220 1402 3271 ad
1439 3217 1833 3289 quiescendtun,
1877 3232 1983 3266 non
2020 3213 2089 3266 ad

244 3292 540 3344 cenandum
587 3290 789 3343 collecti
828 3300 961 3342 sunt.
1036 3291 1210 3356 Quam
1258 3298 1467 3341 noctem
1504 3297 1562 3340 ut
1596 3288 1889 3337 insomnem
1927 3285 2088 3336 duxe-

242 3362 340 3411 rim
388 3369 438 3413 et
481 3369 674 3431 quanto
700 3361 754 3411 in
780 3379 841 3412 ea
868 3362 1103 3413 cruciatu
1126 3368 1293 3412 tortus
1311 3361 1332 3392 ‘¹
1360 3360 1473 3425 sim,
1501 3355 1825 3429 perpendere
1850 3361 2088 3423 possunt,

341 3465 377 3510 a)
406 3468 517 3499 tertio
548 3469 579 3498 1.
680 3465 718 3507 b)
750 3468 832 3507 cas).
861 3475 890 3499 c·
992 3465 1024 3507 c)
1053 3467 1105 3497 bis
1131 3467 1298 3505 scriptum
1335 3469 1423 3496 erat.
1491 3462 1526 3504 d)
1555 3465 1712 3495 vexatus
1739 3469 1912 3500 super-scr.
1953 3462 2088 3492 tortus.

368 3543 411 3595 1)
446 3545 572 3594 Quod
620 3547 665 3585 in
724 3545 870 3586 media
920 3546 1258 3599 quadragesima
1309 3545 1379 3585 die
1429 3543 1569 3593 Iovis,
1617 3542 1748 3584 Mart.
1801 3538 1879 3589 18,
1928 3539 2086 3589 fuisse,

244 3610 395 3645 censet
428 3606 722 3658 Poinsognon.
