2240 3879
208 382 289 415 922.

122 1561 208 1593 Iun.
239 1560 294 1593 29.

309 230 364 268 26
741 222 994 264 RICHERI
1027 218 1446 261 HISTORIARUM
1477 220 1661 260 LIBER
1693 220 1730 261 Ι.

306 374 403 417 uta
440 365 553 433 ipse
590 363 645 413 in
680 378 900 428 regnum
940 358 1179 411 coronari
1227 375 1335 408 non
1369 355 1685 422 abnueretb,
1737 354 1913 408 multis
1962 355 2158 406 suasio-

307 435 463 487 nibus
500 430 855 502 permovebat.
928 429 1212 480 Heinricus
1263 444 1392 477 vero
1432 444 1554 477 cum
1599 426 1827 478 nefanda
1870 443 1990 477 eum
2042 440 2158 475 sua-

309 504 433 556 dere
490 502 813 565 adverteret,
870 498 1023 550 dictis
1080 496 1347 549 suadentis
1403 495 1691 546 admodum
1743 494 1958 560 restitit,
2014 502 2065 545 et
2100 501 2160 544 ut

309 574 601 644 quiesceret
637 570 702 621 ab
741 569 953 635 illicitis,
993 567 1170 619 multis
1208 563 1703 634 amplificationibus
1741 562 1978 633 agitabat
2000 573 2034 613 ¹.

445 643 528 694 40.
601 639 673 691 Et
723 638 1050 691 Gislebertus
1098 635 1312 706 quidem
1366 653 1487 686 cum
1547 634 1692 704 apud
1752 651 1994 685 socerum
2053 648 2161 682 non
2195 638 2208 678 .’

308 712 613 782 proficeret,
663 719 795 761 necc
844 726 1068 776 regnum
1123 705 1258 757 sibic
1303 722 1492 775 parare
1529 711 1758 773 possete,
1810 703 1867 753 in
1906 701 2161 754 Celticam
2217 740 2220 764 ,ι

2210 547 2219 581 „fn
2217 533 2219 540 r
2207 294 2219 519 §ca-whhAQ-m..

2213 650 2220 699 ἑ

309 780 505 834 secedit
543 780 640 831 acd
678 779 863 830 transit
898 779 953 828 in
978 776 1305 842 Neustriam3
1345 775 1526 844 sicque
1563 791 1685 824 cum
1710 772 1962 824 Rotberto
1992 770 2161 821 duce*

310 852 374 902 de
426 849 611 902 eodem
660 849 871 916 negotio
920 844 1196 897 consilium
1247 843 1472 909 confert,
1525 842 1751 894 suadens
1803 842 1852 893 ei
1901 840 1966 892 de
2010 838 2220 912 regni

310 920 645 989 susceptione
704 935 766 969 ac
823 914 1010 968 Karoli
1079 914 1394 968 abiectione.
1487 911 1742 965 Exultate
1802 912 2040 962 tirannus
2113 916 2164 960 et
2219 935 2220 938 ¹

308 990 514 1042 tiranno
552 987 753 1056 absque
791 1004 939 1037 mora
972 985 1128 1037 favet.
1200 983 1512 1036 Deliberant
1546 983 1724 1051 itaque
1761 982 1918 1033 ambo
1957 987 2008 1031 et
2042 984 2165 1049 post

309 1059 434 1129 prof
473 1056 837 1127 perpetrandis
874 1054 1034 1106 fidem
1072 1061 1440 1105 sacramentog
1478 1052 1865 1104 confirmant**.

451 1129 533 1180 41.
607 1126 869 1195 Tempore
884 1126 907 1158 ¹¹
943 1141 1069 1176 vero
1122 1124 1430 1189 constitutO,
1482 1122 1622 1173 cumi
1670 1140 1765 1173 rex
1803 1120 2050 1187 Tungros
2087 1136 2163 1169 re-

311 1198 473 1249 disset
503 1196 683 1265 ibique
718 1196 956 1264 privatus
981 1192 1249 1258 resideret,
1277 1191 1462 1244 urbem
1489 1191 1861 1244 Suessonicam
1879 1188 2165 1241 Rotbertus

311 1267 619 1336 ingreditur.
692 1265 854 1334 Apud
894 1282 1050 1333 quem
1099 1282 1164 1314 ex
1210 1269 1322 1313 tota
1335 1263 1358 1294 ¹³
1399 1261 1599 1313 Celtica
1643 1262 1894 1330 primates
1943 1256 2163 1319 collecti,

315 1355 419 1404 qua
456 1337 655 1388 ratione
693 1352 873 1403 regem
911 1333 1155 1397 abiciant,
1203 1332 1624 1383 constantissime
1672 1329 1980 1381 consultant.
2052 1327 2166 1378 Nec

315 1406 477 1457 defuit
517 1404 844 1457 Gislebertus
883 1402 949 1454 ab
987 1401 1219 1470 Belgica,
1259 1402 1348 1470 qui
1385 1419 1513 1451 mox
1550 1400 1752 1468 absque
1790 1397 2166 1477 deliberatione
2219 1443 2221 1446 .

313 1476 624 1527 Rotbertum
678 1492 856 1543 regem
908 1471 1191 1523 creandum
1247 1470 1627 1539 perstrepebat.
1704 1468 1987 1520 Commum
2041 1484 2166 1535 ergo

316 1547 550 1596 omnium
600 1545 691 1612 qui
737 1542 958 1593 aderant
1006 1541 1213 1593 decreto
1262 1540 1547 1591 Rotbertus
1594 1537 1826 1607 eligittu·;
1894 1554 1956 1588 ac
2003 1536 2166 1588 multo

436 1671 474 1726 *“)
509 1672 575 1718 R„
610 1670 794 1711 Outonis
828 1670 945 1720 regis
978 1669 1125 1716 fratre,
1161 1669 1234 1720 qui
1269 1672 1362 1707 erat
1395 1667 1482 1707 dux
1517 1666 1733 1707 Celticae.
1795 1666 1962 1707 Elakeh.

415 1734 474 1789 **)
509 1732 565 1771 Et
597 1735 695 1783 post
729 1730 842 1769 haec
869 1729 1142 1770 Gislebertus
1177 1730 1221 1768 in
1249 1727 1482 1780 Belgicam
1515 1727 1645 1781 redit,
1680 1727 1923 1781 municipia
1957 1726 2168 1767 militibus

513 1792 651 1844 copiis
685 1790 1006 1830 sufficientibus
1039 1789 1244 1843 implens,
1290 1790 1334 1828 in
1377 1801 1528 1841 regem
1563 1789 1710 1828 omnia
1744 1787 1976 1839 ordinans3
2026 1787 2170 1828 sicubi

512 1852 672 1892 rudera
695 1851 863 1891 aditum
886 1851 1124 1900 faciebant,
1158 1849 1420 1890 firmioribus
1447 1849 1650 1889 claustris
1673 1848 1982 1890 reaedificans.
2031 1849 2170 1888 Ratus

514 1926 617 1952 vero
652 1911 812 1952 milites
847 1926 872 1950 a
905 1925 1001 1951 sese
1038 1910 1228 1951 deficere
1273 1924 1416 1964 posse,
1460 1911 1497 1951 si
1541 1910 1822 1950 iureiurando
1857 1911 1940 1950 sibi
1975 1922 2050 1949 eos
2083 1920 2170 1948 non

515 1977 785 2020 annecteret,
820 1971 950 2011 fidem
976 1972 1031 2012 ab
1056 1973 1257 2012 omnibus
1283 1985 1335 2012 ex
1367 1971 1662 2021 iureiurando,
1691 1971 1770 2011 sed
1794 1976 1837 2011 et
1859 1970 2037 2011 obsides
2061 1982 2170 2021 quos

516 2033 610 2074 vult
654 2034 842 2085 accipit,
889 2045 1051 2085 eosque
1094 2033 1139 2071 in
1183 2032 1345 2085 oppido
1389 2032 1618 2079 Harburc,
1665 2031 1782 2084 quod
1825 2029 2170 2085 inexpugnabile

515 2094 759 2143 videbatur,
795 2093 1028 2146 deputatos
1061 2092 1262 2142 recludit,
1304 2094 1349 2132 in
1383 2105 1534 2144 regem
1569 2094 1716 2133 omnia
1756 2093 1904 2145 palam
1948 2091 2172 2132 ordinans.
2210 2104 2213 2107 ·

517 2153 620 2208 (His
654 2167 728 2193 rex
763 2183 924 2193 ......
966 2166 1042 2193 rex
1073 2158 1297 2206 permotus
1331 2151 1435 2205 del.)
1500 2153 1593 2193 Nec
1627 2155 1769 2192 minus
1792 2166 1819 2192 a
1841 2151 1902 2204 (22)
1937 2165 2090 2193 socero
2123 2150 2171 2191 id

518 2216 720 2267 optinuit,
754 2220 812 2264 ut,
848 2227 1154 2266 quaecumque
1188 2215 1283 2266 ipse
1307 2215 1353 2252 in
1376 2227 1525 2266 regem
1555 2214 1895 2261 machinaretur,
1932 2227 1985 2253 ea
2016 2224 2170 2254 socero

516 2276 700 2314 iniuriae
735 2288 822 2315 non
857 2281 1016 2324 essent,
1050 2275 1237 2314 maxime
1262 2276 1316 2314 ob
1340 2276 1387 2315 id
1412 2274 1528 2327 quod
1558 2275 1853 2315 Sarmatarum
1888 2274 2171 2315 infestatione

516 2337 611 2388 ipse
646 2335 880 2376 admodum
915 2347 1105 2389 pressus,
1151 2334 1224 2384 (de
1257 2334 1362 2388 del.)
1397 2335 1553 2375 alienis
1595 2335 1786 2387 negotiis
1829 2335 1998 2375 utiliter
2038 2336 2172 2374 inter·
2202 2351 2206 2353 Δ

519 2409 614 2436 esse
650 2409 734 2435 non
769 2402 932 2448 posset.
996 2396 1078 2436 His
1113 2408 1218 2448 ergo
1252 2409 1327 2435 rex
1361 2398 1403 2435 in
1441 2395 1613 2436 Celtica
1657 2400 1896 2449 permotus,
1937 2395 2171 2448 Belgicam

517 2458 702 2509 impetit.
766 2459 823 2497 At
857 2456 1130 2497 Gislebertus
1164 2461 1315 2509 utpote
1351 2458 1425 2510 qui
1458 2455 1589 2496 fidem
1625 2457 1876 2509 abruperat,
1921 2456 1978 2496 ad
2020 2468 2172 2509 regem

517 2530 605 2557 non
650 2517 788 2558 solum
833 2519 981 2557 venire
1028 2518 1316 2570 contempsit,
1362 2530 1513 2557 verum
1557 2518 1758 2570 pecuniis
1801 2546 1995 2558 .......
2039 2521 2171 2569 atque

517 2591 659 2618 rerum
693 2579 1084 2632 pollicitationibus
1118 2578 1174 2618 ab
1209 2591 1314 2630 rege
1344 2591 1643 2631 quoscumque
1666 2583 1840 2632 poterat
1870 2577 2171 2618 subtrahebat.

517 2639 575 2679 Et
606 2652 682 2678 rex
716 2639 893 2692 quidem
940 2653 1037 2679 cum
1080 2640 1299 2692 patienter
1341 2640 1453 2678 haec
1496 2638 1553 2678 ad
1596 2645 1768 2692 tempus
1811 2637 2046 2679 toleranda
2086 2650 2173 2678 non

517 2701 752 2751 ignoraret,
797 2700 985 2753 Tungris
1031 2713 1129 2739 cum
1173 2701 1226 2740 iis
1272 2701 1346 2752 qui
1389 2713 1539 2740 secum
1586 2713 1639 2740 ex
1685 2699 1858 2740 Celtica
1900 2699 2174 2739 advenerant

518 2761 684 2812 absque
730 2760 918 2802 tumultu
962 2760 1210 2811 residebat3
1264 2760 1406 2801 levius
1449 2759 1545 2800 fieri
1588 2774 1790 2801 asserens
1835 2759 2049 2813 quicquid
2094 2772 2173 2813 per
2206 2774 2215 2779 ·

516 2823 782 2873 pacientiam
832 2822 1066 2864 toleratur:
1121 2822 1189 2861 Ex
1221 2835 1240 2862 s
1263 2850 1435 2862 .....
1475 2821 1672 2861 Medium
1717 2834 1890 2874 quoque
1934 2833 2031 2861 sese
2076 2833 2173 2861 esse

519 2882 706 2921 hostium
731 2896 1070 2935 recognoscens,
1094 2896 1192 2922 cum
1217 2895 1243 2921 a.
1268 2879 1382 2934 (post
1406 2881 1532 2934 add.)
1557 2883 1766 2922 Rotberto
1790 2881 1892 2920 hinc
1915 2883 1960 2921 in
1985 2881 2171 2936 Celtica,

522 2942 576 2981 ab
614 2943 860 2984 Gisleberto
904 2957 1007 2984 vero
1051 2943 1155 2985 inde
1200 2944 1245 2982 in
1288 2942 1476 2996 Belgica
1523 2947 1766 2994 urgeretur.
1829 2943 1888 2982 Et
1935 2942 2173 2982 Rotbertus

523 3004 698 3054 quidem
737 3005 790 3044 de
825 3005 942 3056 regis
975 3005 1224 3045 abiectione
1257 3005 1413 3056 suique
1457 3005 1733 3057 promotione
1771 3002 1883 3043 adeo
1925 3002 2174 3051 laborabat,

522 3063 654 3116 idque
689 3064 806 3116 apud
840 3066 1061 3119 principes
1096 3066 1159 3106 sic
1195 3064 1398 3111 obtinuit,
1432 3070 1479 3104 ut
1513 3069 1664 3104 contra
1696 3076 1847 3115 regem
1884 3076 1982 3103 cum
2007 3077 2058 3104 eo
2081 3062 2174 3103 fere

524 3124 637 3176 (post
672 3124 797 3174 add.)
834 3139 983 3166 omnes
1020 3124 1322 3167 crudelissime
1358 3125 1682 3166 coniurarent2.
1718 3123 1825 3164 add.
1863 3125 1903 3175 1,
1935 3123 2019 3164 del.
2055 3123 2097 3163 2.

424 3214 460 3255 a)
485 3218 565 3254 post
593 3215 674 3246 add.
778 3214 816 3253 b>
847 3216 988 3248 abnuat
1018 3218 1056 3255 13
1099 3241 1108 3249 .
1126 3241 1134 3249 .
1151 3241 1158 3248 .
1175 3220 1303 3249 .veret
1329 3218 1367 3248 in
1394 3225 1505 3255 may-9.
1535 3215 1616 3246 add.
1733 3212 1766 3254 c)
1795 3223 1866 3246 nec
1894 3223 1924 3246 r.
1952 3223 1982 3247 s.
2009 3223 2045 3254 p.
2073 3222 2110 3253 p.
2135 3213 2176 3244 in

328 3273 439 3302 mara.
471 3264 514 3301 23
555 3272 615 3302 nc,
644 3263 714 3304 sib,
743 3273 764 3302 p
793 3264 884 3295 absc.
1022 3265 1058 3304 d)
1089 3269 1200 3305 atque
1227 3265 1268 3295 in
1295 3267 1340 3297 N.
1369 3267 1414 3297 tr.
1446 3267 1477 3304 1,
1515 3273 1609 3297 corr.
1641 3264 1673 3294 2.
1787 3261 1822 3303 e)
1851 3264 1900 3294 Et
1925 3265 1951 3295 t.
1980 3271 2069 3294 mox
2095 3270 2176 3302 per-

326 3321 457 3343 suasus
486 3316 512 3343 t.
543 3314 576 3352 1,
616 3322 707 3344 corr.
739 3314 771 3344 2.
898 3313 925 3352 f)
955 3322 1001 3345 ex
1031 3316 1060 3346 1.
1186 3312 1223 3354 g)
1253 3314 1500 3346 sacramentis
1530 3314 1563 3345 1.
1681 3309 1720 3352 h)
1749 3313 1798 3344 Et
1823 3315 1847 3343 t.
1875 3320 1905 3344 c.
1937 3312 1978 3352 1,
2016 3320 2111 3342 corr.
2139 3311 2174 3343 2.

328 3360 353 3400 i)
383 3370 467 3392 cum
498 3378 538 3383 —
571 3361 750 3392 resideret
779 3362 813 3391 in
844 3371 956 3401 mcv-9.
1058 3362 1097 3403 k)
1129 3364 1232 3395 omni
1258 3372 1355 3403 pene
1386 3365 1418 3395 1.
2184 3350 2197 3365 Ι

451 3438 496 3492 1)
530 3440 657 3480 Haec
691 3440 891 3480 fabulosa
926 3454 1034 3491 esse,
1071 3443 1178 3483 satis
1215 3447 1397 3484 constat.
1527 3437 1572 3492 2)
1604 3439 1712 3480 Cum
1740 3439 1807 3480 his
1834 3438 2033 3480 conferas
2058 3451 2173 3492 quae

328 3513 458 3552 supra
493 3513 528 3540 c.
566 3501 636 3538 21.
671 3500 875 3553 leguntur
910 3507 953 3542 et
988 3516 1099 3555 quae
1135 3508 1288 3543 auctor
1320 3502 1386 3543 his
1421 3501 1699 3543 substituisse
1734 3499 1923 3541 videtur.
