2240 3879
201 344 284 376 973.

93 390 108 404 ⁶
126 393 197 425 fol.
225 393 283 425 38.

196 1687 278 1719 978.

103 2514 162 2557 ‘p.
193 2517 275 2549 622.

304 217 389 256 110
747 213 1001 256 RICHERI
1033 214 1451 255 HISTORIARUM
1483 213 1667 255 LIBER
1698 215 1785 257 III.

445 355 527 406 67.
591 354 835 406 *Ottonis
873 353 1136 423 promotio
1178 353 1286 421 (aa)
1327 350 1643 403 Germanisa
1680 361 1731 404 et
1766 351 1993 422 Belgisa.

443 439 573 490 Post
637 436 841 489 obitum
897 438 1078 489 domni
1128 435 1337 488 Ottonis
1385 435 1775 488 Germanorum
1824 438 1965 506 regis
2011 439 2159 489 eiusb

305 507 443 559 filius
474 508 600 560 Otto
639 527 669 559 a
698 507 976 560 Germanis
1001 506 1286 575 Belgisque
1312 524 1410 557 rex
1448 512 1653 557 creatus
1670 516 1704 573 0,
1742 526 1854 558 rem
1891 506 2160 576 publicam

307 585 517 629 strenue
555 586 713 646 atque
750 576 948 628 utiliter
973 575 1407 641 amministravit,
1443 576 1525 626 vir
1549 577 1733 645 magni
1756 577 1956 645 ingenii
1980 578 2160 628 totius-

304 665 405 716 que
441 648 667 712 virtutis,
718 645 1014 698 liberalium
1051 645 1345 697 litterarum
1396 645 1615 697 scientia
1662 644 1833 697 clarus
1846 647 1883 713 d,
1933 646 2066 698 adeo
2103 654 2163 698 ut

301 718 357 768 in
396 715 718 786 disputando
758 735 826 767 ex
873 724 984 767 arte
1023 725 1074 768 et
1110 723 1431 784 proponeret
1468 723 1518 766 et
1562 714 1907 783 probabiliter
1953 714 2160 767 conclu-

302 786 464 838 deret.
541 787 711 837 Penes
752 803 911 854 quem
957 803 1181 853 regnum
1222 785 1540 837 Germaniae
1579 802 1702 835 cum
1742 783 2034 836 Galliarum
2071 784 2160 836 ali-

303 875 407 925 qua
443 864 593 924 parte
631 873 799 922 usque
838 855 906 906 ad
945 855 1086 905 diem
1123 856 1262 906 vitae
1300 855 1409 906 eius
1449 872 1755 923 supremum
1796 855 2017 921 mansit,
2067 855 2161 907 sed

301 925 587 993 aliquando
645 924 805 976 dubio
863 932 1017 975 statu.
1115 924 1253 975 Nam
1308 925 1445 976 inter
1504 925 1681 993 ipsum
1741 932 1793 976 et
1851 923 2162 976 Lotharium

302 995 578 1047 Gallorum
624 1012 806 1063 regem
855 993 1207 1063 quandoquee
1259 1003 1310 1046 et
1361 993 1541 1045 odium
1590 995 1821 1045 immane
1867 1002 1918 1045 et
1963 1011 2160 1064 anceps

298 1066 523 1118 victoria
567 1063 679 1115 fuit.
753 1063 968 1116 Etenim
1007 1064 1160 1114 cumf
1193 1063 1259 1115 ab
1301 1063 1496 1116 Ottone
1534 1062 1753 1132 Belgica
1798 1071 2063 1116 teneretur
2111 1072 2164 1116 et

299 1134 600 1187 aLothario
622 1136 981 1202 impeteretur,
1004 1142 1187 1184 contra
1225 1152 1280 1184 se
1318 1132 1464 1185 dolos
1502 1142 1594 1185 aut
1627 1134 1767 1185 Vires
1793 1132 2162 1200 moliebantur,

301 1222 361 1257 eo
401 1203 543 1274 quod
581 1213 804 1272 uterque
843 1212 895 1254 et
932 1221 1085 1254 suum
1121 1211 1329 1273 patrem
1380 1222 1496 1255 eam
1538 1204 1774 1255 tenuisse
1821 1203 2162 1256 contenderet

301 1283 352 1326 et
390 1274 723 1326 exercituum
761 1272 1096 1325 multitudine
1143 1280 1365 1342 uterque
1403 1292 1519 1324 eam
1567 1292 1622 1324 se
1671 1272 2009 1325 defensurum
2053 1291 2161 1324 non

301 1344 579 1397 diffideret.
662 1343 801 1394 Nam
851 1351 903 1393 et
946 1342 1236 1409 Ludovici,
1287 1344 1450 1410 patris
1488 1342 1742 1409 Lotharii,
1792 1343 1905 1410 fuit,
1952 1351 2004 1395 et
2047 1344 2161 1394 eius

298 1422 422 1482 post
459 1414 597 1464 dono
637 1413 791 1464 huius
821 1412 1032 1464 Ottonis
1070 1421 1221 1481 pater
1260 1413 1387 1465 Otto
1429 1411 1703 1464 obtinuit1.
1776 1412 1988 1464 Horum
2026 1431 2154 1482 ergo

302 1483 598 1535 discordiae
637 1483 964 1534 incentivum
1001 1483 1327 1551 principium
1364 1480 1585 1550 Belgica
1627 1481 1740 1533 fuit.

606 1584 687 1635 68.
761 1581 1102 1651 Indignatiog
1138 1580 1377 1632 Lotharii
1412 1583 1502 1632 ing
1542 1580 1808 1632 Ottonem.

440 1669 612 1737 Igitur
636 1669 692 1718 in
712 1666 951 1736 Aquensi
970 1664 1168 1735 palatio
1193 1666 1388 1718 Ottone
1409 1673 1771 1717 commorante
1792 1683 1915 1717 cum
1936 1667 2160 1735 coniuge

297 1738 596 1809 Teuphanu
631 1737 902 1806 gravidah,
942 1735 1223 1787 Lotharius
1260 1735 1408 1786 illum
1445 1736 1666 1805 propius
1704 1735 1992 1787 accessisse
2020 1754 2162 1788 acer-

296 1812 429 1862 rime
465 1817 639 1860 motus
677 1806 1071 1875 indignabatur.
1132 1805 1278 1874 Ergo
1305 1806 1633 1856 Francorum
1660 1805 1849 1857 ducem
1874 1805 2163 1874 Hugonem

296 1878 632 1948 reliquosque
668 1878 819 1945 regni
855 1877 1109 1945 primates
1148 1874 1427 1927 consilium
1453 1876 1712 1945 petiturus
1736 1874 1985 1927 Lauduni
2010 1875 2161 1928 colle-

297 1949 388 2018 git.
471 1948 603 1998 Dux
640 1948 817 2016 itaque
866 1946 1139 2015 processit.
1214 1944 1426 2015 Reliqui
1464 1946 1661 2011 etiami,
1713 1946 1904 2015 quibus
1951 1963 2160 2016 quoque

299 2016 681 2069 consulendum
732 2024 867 2080 erat,
925 2023 1046 2066 ante
1094 2033 1275 2083 regem
1325 2023 1707 2085 consequenter
1752 2014 1970 2067 admissi
2025 2022 2158 2068 sunt.

299 2086 507 2152 Quibus
545 2085 915 2151 residentibus,
953 2103 1051 2136 rex
1090 2084 1357 2153 duplicem
1384 2085 1632 2135 iniuriam
1670 2083 1772 2136 sibi
1807 2084 2007 2137 illatam
2045 2104 2161 2139 esse

299 2163 693 2221 commemorat,
734 2173 855 2206 cum
892 2155 1043 2222 regni
1081 2155 1161 2204 sui
1197 2172 1321 2223 pars
1359 2153 1425 2205 ab
1464 2155 1612 2206 hoste
1649 2163 1907 2224 usurpata
1931 2156 2086 2207 fuerit
2110 2162 2162 2208 et

296 2228 410 2296 ipse
448 2226 611 2278 hostis
650 2225 718 2276 ad
755 2226 887 2277 fines
927 2242 1049 2275 suos
1086 2225 1397 2276 temerarius
1444 2226 1739 2276 accesserit.
1813 2224 1926 2276 Nec
1971 2225 2161 2277 maiori

294 2297 517 2347 iniuriae
556 2314 686 2361 esse,
726 2295 867 2364 quod
883 2296 906 2327 ¹³
942 2294 1189 2360 tenuerit,
1229 2312 1387 2362 quam
1409 2295 1533 2363 quia
1568 2302 1751 2346 tenens
1788 2295 1857 2346 ad
1882 2294 2012 2346 fines
2039 2313 2161 2347 suos

296 2365 547 2418 accedere
602 2383 709 2415 non
761 2363 1139 2416 formidaverit.
1239 2364 1307 2416 Se
1364 2365 1524 2415 etiam
1578 2364 1634 2415 id
1687 2364 1855 2415 multa
1908 2364 2158 2417 aviditate

295 2435 481 2486 ulcisci
516 2434 665 2500 velle,
705 2435 748 2485 si
786 2433 1005 2485 consilio
1045 2451 1139 2484 suo
1179 2433 1342 2485 velint
1379 2433 1580 2486 cedere.
1653 2433 1767 2485 Nec
1804 2452 1962 2503 posse
2000 2454 2055 2487 se
2092 2435 2159 2488 ab

294 2505 395 2557 hoc
432 2506 608 2557 animo
646 2504 947 2573 temperari,
987 2505 1031 2554 si
1069 2503 1168 2554 *ad
1205 2503 1258 2553 id
1298 2502 1563 2571 agendum
1601 2504 1758 2573 copia
1793 2503 2017 2556 militum
2053 2523 2161 2556 non

295 2575 559 2627 defecerit.
636 2573 847 2626 Gratias
898 2574 1057 2625 etiam
1108 2592 1222 2625 sese
1273 2572 1592 2642 quandoque
1638 2573 1986 2642 redditurum,
2025 2574 2070 2626 si
2104 2574 2160 2626 id

297 2645 439 2714 quod
477 2645 622 2714 cupit
657 2662 826 2713 aequo
865 2645 1041 2695 animo
1079 2642 1402 2694 adoriantur.

457 2746 539 2796 69.
613 2744 874 2814 Impetusl
914 2742 1189 2795 Gallorum
1227 2743 1573 2812 spontaneusl
1609 2743 1665 2793 in
1703 2742 1953 2795 Ottonem
1968 2744 1996 2794 ¹.

434 2830 565 2880 Mox
604 2828 713 2879 dux
751 2838 802 2881 et
839 2828 929 2880 alii
963 2829 1215 2897 primates
1254 2828 1365 2879 sine
1403 2827 1731 2880 deliberandi
1776 2827 2159 2881 consultatione

298 2899 612 2950 sententiam
649 2899 852 2966 regiam
897 2897 1154 2950 attollunt.
1232 2898 1358 2950 Sese
1410 2906 1598 2967 sponte
1646 2898 1812 2949 ituros
1859 2916 1979 2949 cum
2016 2915 2156 2967 rege,

298 2976 348 3020 et
387 2968 637 3020 Ottonem
673 2976 762 3019 aut
800 2967 1272 3036 comprehensuros
1322 2976 1413 3019 aut
1461 2967 1826 3019 interfecturos
1872 2976 1965 3019 aut
2011 2967 2157 3037 fuga-

297 3046 457 3104 turOS,
496 3036 825 3106 pollicentur.
886 3039 1063 3089 Huius
1085 3036 1364 3089 consilium
1401 3038 1639 3106 negotii*
1677 3036 2065 3089 dissimulatum
2089 3035 2157 3089 ad

420 3171 458 3225 *)
494 3186 531 3213 c·
565 3177 759 3213 tractant
791 3178 923 3226 atque
958 3175 1164 3214 ordinant
1198 3172 1317 3214 Galli
1347 3150 1522 3213 Celtae.
1587 3172 1714 3222 Quod
1751 3172 1856 3213 add.
1894 3174 1934 3214 1.

397 3292 433 3335 a)
463 3302 484 3324 a
513 3294 599 3332 del.;
637 3293 690 3333 is,
728 3302 744 3324 s
771 3294 865 3325 absc.
967 3294 1005 3335 b)
1034 3294 1242 3325 vocabulum
1268 3303 1422 3326 erasum.
1526 3291 1558 3333 c)
1597 3294 1768 3326 elevatus
1797 3295 1829 3326 1.
1957 3291 1993 3333 d)
2021 3303 2038 3325 e
2062 3302 2156 3326 corr.

297 3341 332 3382 e)
359 3343 584 3382 plerumque
623 3343 654 3375 1.
788 3341 817 3382 f)
847 3352 931 3373 eum
969 3361 1010 3366 —
1042 3346 1237 3375 teneretur
1271 3343 1353 3373 aliis
1389 3343 1502 3374 erasis
1537 3346 1567 3373 et
1602 3342 1771 3374 vocabulo
1810 3343 2000 3374 diceretur
2034 3343 2141 3374 deleto

298 3391 335 3431 g)
366 3393 416 3432 io,
445 3401 469 3422 n
496 3392 588 3423 absc.
703 3389 741 3430 h)
771 3392 810 3422 in
836 3392 911 3422 loco
939 3402 1036 3423 raso.
1150 3391 1179 3434 i)
1208 3400 1359 3431 quoque
1390 3394 1421 3425 1.
1535 3389 1575 3432 k)
1604 3392 1635 3422 si
1662 3394 1791 3423 teneat
1820 3394 1853 3424 1.
1952 3390 1981 3432 l)
2009 3400 2066 3434 us,
2094 3400 2153 3433 on,

297 3439 502 3483 O(ttonem)
531 3441 623 3471 absc.

423 3522 465 3575 1)
499 3523 699 3575 Nugatur
732 3519 963 3560 Richerus.
