2240 3879
199 418 284 452 970.

109 2354 122 2368 ⁸
138 2358 205 2392 fol.
222 2359 278 2390 37.

100 2738 162 2783 ⁸p.
192 2744 276 2775 621.

302 264 387 305 108
736 265 990 307 RICHERI
1022 266 1443 307 HISTORIARUM
1475 267 1660 307 LIBER
1691 268 1780 307 111.

674 405 754 456 652.
831 404 1017 469 Quael
1058 406 1125 455 sit
1163 421 1323 456 031153
1361 404 1558 456 conditi
1593 406 1795 457 mundi.

443 488 550 554 Qui
587 507 708 540 cum
746 507 778 539 a
817 489 1102 554 Gerberto,
1149 496 1208 539 ut
1254 491 1486 558 apertius
1539 489 1667 558 quid
1711 489 1868 542 vellet
1913 489 2160 557 ediceret,

299 566 590 626 rogaretur,
627 567 805 610 utrum
842 558 1091 611 videlicet
1142 577 1357 610 causam
1397 577 1502 628 qua
1538 560 1752 612 inventa
1790 568 1883 626 est,
1932 578 2002 610 an
2037 577 2161 611 cau-

300 645 414 680 sam
454 629 539 680 cui
574 630 789 680 inventa
827 628 1061 694 debetur,
1109 628 1194 680 ille
1232 646 1385 679 mox:
1437 629 1665 697 ‘Ipsam',
1704 630 1887 698 inquit,
1927 634 2160 680 ‘causam

301 697 436 764 dieo,
474 706 690 767 propter
728 715 888 766 quam
927 699 1141 749 inventa
1177 698 1418 750 videtur'.
1488 699 1642 749 Tunc
1678 717 1803 749 vero
1843 699 2162 751 Gerbertus:

302 767 617 833 ‘Quoniam’,
655 768 840 836 inquit,
890 773 1047 818 ‘nunc
1082 776 1228 836 patet
1265 768 1391 837 quid
1428 786 1712 837 proponaS,
1752 768 1887 833 ide0,
1925 769 2159 837 inquam,

300 838 514 888 inventa
562 845 664 902 est,
715 846 774 889 ut
812 855 880 888 ex
917 856 979 888 ea
1018 854 1399 905 cognoscamus
1451 838 1631 889 divina
1668 845 1719 888 et
1753 837 2015 888 humana'.
2087 837 2161 889 Et

304 906 545 958 Otricus:
586 905 741 973 ‘Cur',
778 908 967 976 inquit,
1004 908 1175 958 ‘unius
1201 909 1278 959 rei
1305 925 1519 958 causam
1546 915 1624 959 tot
1650 906 1969 959 dictionibus
1993 908 2161 958 nomi-

300 977 439 1026 nasti
451 1016 466 1041 ,
504 994 625 1026 cum
662 994 730 1026 ex
754 995 858 1028 una
884 975 1120 1028 fortassis
1147 978 1409 1028 nominari
1433 978 1621 1047 potuit,
1649 985 1701 1028 et
1724 975 2160 1047 philosophorum

299 1046 366 1096 sit
402 1044 649 1097 brevitati
686 1045 934 1097 studere?

300 1139 384 1194 63.
460 1138 620 1204 Quod
656 1157 762 1190 non
802 1140 977 1190 omnia
1013 1141 1227 1190 nomina
1265 1157 1544 1191 causarum
1582 1138 1803 1208 singulis
1841 1137 2160 1191 dictionibus

1080 1210 1380 1261 efferuntur.

443 1292 733 1346 Gerbertus
783 1313 1020 1364 quoque:
1072 1295 1207 1346 ‘Non
1258 1298 1480 1361 omnes⁷,
1528 1295 1728 1364 inquit,
1785 1300 1994 1346 ‘causae
2054 1311 2160 1346 uno

299 1362 476 1414 valent
512 1364 725 1415 nomine
762 1364 1001 1433 proferri.
1074 1364 1287 1416 Etenim
1327 1383 1447 1416 cum
1485 1382 1516 1414 a
1540 1364 1759 1416 Platone
1798 1382 1960 1416 causa
1997 1365 2162 1416 creati

298 1433 485 1484 mundi
530 1452 637 1484 non
683 1451 788 1484 una
834 1433 927 1485 sed
974 1434 1142 1485 tribus
1194 1434 1514 1487 dictionibus
1574 1434 1716 1486 bona
1768 1434 1875 1486 Dei
1916 1433 2160 1486 voluntas

301 1502 566 1554 declarata
604 1505 684 1568 sit,
735 1511 957 1567 constat,
1009 1504 1144 1554 113110
1185 1505 1347 1555 creati
1383 1504 1569 1554 mundi
1616 1522 1831 1554 causam
1868 1521 1975 1554 non
2011 1502 2162 1556 aliter

298 1573 536 1640 potuisse
574 1572 814 1640 proferri.
889 1573 1026 1623 Nam
1068 1575 1113 1623 si
1151 1573 1387 1639 dixisset,
1425 1572 1752 1624 voluntatem
1791 1591 2007 1625 causam
2046 1592 2161 1625 esse

298 1641 500 1708 mundi,
536 1659 643 1692 non
680 1641 768 1692 ida
819 1651 957 1695 esset
1007 1661 1362 1712 consequens,
1417 1641 1684 1712 quaelibet
1729 1644 1868 1695 enim
1916 1641 2162 1696 voluntas

296 1711 352 1762 id
392 1730 507 1763 esse
545 1711 828 1779 videretur,
878 1712 1022 1782 quod
1070 1731 1176 1764 non
1212 1712 1482 1781 procedit'.
1555 1711 1733 1783 Atque
1783 1713 1870 1764 hic
1919 1713 2161 1766 Otricus:

299 1781 404 1848 ⁴81⁷,
445 1782 630 1851 inquit,
684 1782 804 1833 ‘Dei
841 1781 1169 1834 voluntatem
1209 1800 1422 1834 causam
1462 1782 1661 1834 conditi
1696 1783 1881 1835 mundi
1919 1782 2160 1850 dixisset,

296 1851 511 1903 brevius
551 1851 765 1920 quidem
805 1861 856 1904 et
893 1852 1215 1905 sufficienter
1261 1853 1463 1904 dictum
1510 1851 1659 1918 foret,
1711 1871 1831 1904 cum
1867 1871 2161 1922 numquam

296 1922 399 1972 nisi
445 1920 584 1972 bona
641 1921 797 1974 fuerit
841 1922 949 1974 Dei
996 1921 1255 1974 voluntas.
1330 1923 1450 1973 Non
1501 1924 1639 1974 enim
1678 1931 1756 1974 est
1803 1924 1895 1992 qui
1942 1921 2157 1990 abnuat,

297 1990 495 2042 bonam
534 2010 648 2042 esse
682 1991 788 2044 Dei
821 1991 1178 2044 voluntatem'.
1240 1992 1311 2043 Et
1338 1991 1658 2044 Gerbertus:
1699 1994 1777 2043 ‘In
1801 1992 1933 2059 hoc',
1971 1994 2158 2062 inquit,

301 2061 527 2129 ‘penitus
583 2079 689 2112 non
745 2062 1066 2113 contradico.
1161 2061 1267 2114 Sed
1321 2063 1468 2128 videg
1539 2063 1665 2131 quia
1721 2070 1926 2114 constat
1978 2063 2158 2114 Deum

298 2130 627 2181 substantiab
674 2130 1005 2183 solummodo
1060 2132 1282 2196 bonum,
1343 2131 1633 2201 quamlibet
1682 2151 1807 2184 vero
1865 2141 2160 2184 creaturam

297 2200 702 2268 participatione
741 2199 952 2265 bonam,
1001 2201 1068 2252 ad
1107 2202 1218 2253 eius
1257 2210 1476 2252 naturae
1518 2200 1826 2270 qualitatem
1864 2203 2158 2271 exprimen-

298 2269 420 2320 dam
459 2269 626 2321 ‘bona'
664 2269 903 2323 additum
932 2279 1023 2336 est,
1062 2271 1204 2340 quod
1229 2270 1284 2322 id
1311 2273 1423 2323 eius
1449 2272 1725 2340 proprium
1752 2273 1833 2337 sit,
1865 2289 1971 2323 non
1998 2273 2157 2323 etiam

300 2337 584 2390 cuiuslibet
633 2349 918 2393 creaturae.
995 2341 1265 2393 *Tandem
1280 2351 1314 2408 ⁰,
1365 2341 1619 2411 quicquid
1664 2340 1794 2393 illud
1832 2343 1912 2406 sit,
1951 2342 2007 2393 id
2045 2341 2156 2393 sine

299 2407 461 2459 dubio
501 2418 717 2472 constat,
757 2429 865 2462 non
903 2412 1079 2463 omnia
1106 2429 1383 2462 causarum
1408 2412 1625 2462 nomina
1650 2428 1757 2462 una
1782 2411 2011 2463 dictione
2036 2429 2157 2482 pro-

297 2478 422 2530 ferri
459 2481 646 2547 posse’.

709 2581 790 2632 64.
868 2580 1056 2646 Quaed
1094 2582 1194 2633 sitd
1233 2582 1428 2633 causad
1466 2582 1733 2634 umbraed.

438 2663 607 2729 ‘Quae
647 2666 788 2716 enim
826 2665 921 2717 tibi
958 2666 1178 2718 umbrae
1218 2684 1379 2718 causa,
1415 2666 1661 2718 videtur‘.>
1731 2666 1820 2718 An
1867 2665 2000 2718 haec
2049 2684 2154 2718 una

297 2732 527 2786 dictione
564 2734 789 2786 indicari
827 2736 1003 2789 valet‘?
1065 2736 1202 2789 *Sed
1241 2736 1376 2803 dico,
1417 2735 1636 2789 umbrae
1659 2754 1873 2788 causam
1900 2753 2014 2788 esse
2044 2753 2153 2788 cor-

296 2820 395 2870 pus
440 2802 546 2855 luci
600 2804 882 2856 obiectum.
968 2808 1146 2876 Atque
1202 2807 1332 2859 haec
1386 2807 1600 2859 brevius
1655 2805 1797 2858 nullo
1844 2805 2002 2857 modo
2049 2806 2153 2857 dici

295 2870 452 2924 valet.
529 2874 586 2925 Si
624 2876 764 2926 enim
802 2893 994 2946 corpus
1041 2875 1262 2928 umbrae
1307 2894 1523 2928 causam
1562 2876 1777 2943 dixeris,
1813 2876 1971 2927 nimis
2011 2893 2152 2928 com-

295 2959 452 2993 mune
490 2943 770 3012 protulisti.
833 2945 991 3010 Quod
1030 2947 1076 2996 si
1113 2965 1307 3016 corpus
1346 2946 1613 2998 obiectum
1648 2945 1896 3010 volueris,
1930 2945 1987 2996 id
2025 2963 2152 3015 quo-

296 3027 399 3078 que
437 3021 639 3064 tantum
677 3031 782 3064 non
819 3016 1074 3084 procedit,
1113 3025 1368 3085 quantum
1406 3015 1473 3067 ab
1511 3015 1611 3066 hac
1647 3024 1797 3085 parte
1822 3014 2152 3084 relinquitur.

297 3080 434 3132 Sunt
482 3083 622 3132 enim
673 3101 895 3152 corpora
943 3085 1195 3137 nonnulla
1245 3094 1404 3156 atque
1453 3087 1612 3137 etiam
1662 3085 1886 3137 diversis
1925 3083 2149 3151 obiecta,

297 3168 433 3220 quae
481 3151 700 3204 umbrae
748 3172 910 3205 causa
960 3174 1073 3208 esse
1119 3174 1226 3207 non
1271 3165 1507 3224 possunt.
1582 3155 1694 3206 Nec
1731 3154 1924 3215 aanO,
1962 3153 2149 3206 multa-

293 3238 411 3271 rum
462 3239 638 3272 rerum
689 3240 874 3274 causas
924 3224 1143 3293 singulis
1190 3226 1510 3278 dictionibus
1560 3224 1756 3290 efferri,
1819 3223 1983 3277 veluti
2029 3231 2150 3276 sunt

294 3307 491 3358 genera
529 3309 664 3360 quae
703 3294 997 3362 specierum
1038 3313 1224 3346 causas
1262 3313 1417 3348 nemo
1455 3295 1679 3364 ignorat,
1725 3292 1870 3346 velut
1913 3301 1992 3346 est
2027 3293 2146 3346 sub-

392 3424 427 3465 a)
450 3430 534 3465 post
562 3427 643 3458 add.
770 3426 809 3468 b)
837 3429 1141 3462 substantialiter
1169 3431 1202 3463 1.
1342 3428 1376 3471 c)
1400 3430 1518 3469 peryic
1544 3430 1582 3460 in
1609 3428 1752 3459 dimidio
1771 3428 1868 3468 folio
1889 3433 1973 3468 post
2000 3429 2145 3470 adJ‘ecto,

291 3474 392 3512 eujus
414 3476 535 3513 prima
564 3479 701 3506 tantum
723 3478 862 3516 paqina
889 3479 1104 3517 scripturam
1131 3480 1272 3520 recepit.
1375 3477 1414 3520 d)
1442 3486 1528 3519 uae,
1557 3478 1617 3518 sit,
1645 3486 1679 3517 a,
1707 3478 1818 3509 umbr
1844 3478 1939 3510 absc.

416 3567 456 3622 1)
494 3570 621 3611 Haec
653 3572 707 3612 iis
739 3573 884 3625 potius
919 3575 1185 3615 conveniunt
1217 3586 1330 3627 quae
1365 3586 1403 3614 c.
1437 3573 1509 3614 63.
1542 3572 1803 3613 referuntur.
