2240 3879
303 292 358 331 66
755 287 1008 329 RICHERI
1041 286 1456 328 HISTORIARUM
1489 286 1674 327 LIBER
1706 287 1768 329 ΙΙ.

205 451 286 484 946.
443 429 526 481 54.
576 428 819 479 Intereaa
858 426 982 479 Otto
1020 444 1115 477 rex
1149 442 1267 476 cum
1294 424 1477 477 Rheno
1521 425 1826 477 transmisso
1866 426 2156 478 exercitum

100 513 193 548 'for
213 516 284 548 23¹.
303 517 400 570 per
435 497 711 566 Belgicam
751 496 979 561 duceret,
1030 495 1209 548 obviat
1258 495 1403 563 *regi
1442 493 1740 561 ConrhadO,
1792 495 1881 564 qui
1925 503 2052 547 tunc
2089 496 2157 547 ab

302 567 532 638 Alpibus
571 585 829 635 egressus,
881 584 1003 616 cum
1051 563 1215 616 multa
1258 564 1598 633 expeditione
1633 563 1906 616 Ludovico
1947 582 2157 616 succur-

301 656 417 691 rere
469 635 814 689 accelerabat.
905 635 1079 686 Iuncti
1130 652 1253 702 ergo
1303 633 1479 699 ambo,
1535 651 1654 684 cum
1702 632 1865 686 multo
1922 635 2159 704 equitatu

302 706 696 779 gradiebantur.
772 705 1011 769 Quorum
1037 722 1310 756 accessmn
1335 703 1639 755 Ludovicus
1679 702 1974 769 dinoscenS,
2013 704 2157 755 ocius

305 777 547 830 occurrit.
638 775 769 826 Tres
807 776 986 843 itaque
1034 792 1186 843 reges
1233 775 1287 824 in
1324 792 1489 824 unum
1528 771 1746 839 collecti,
1797 773 1957 841 primi
1994 779 2158 825 certa-

303 848 458 898 minis
517 844 755 896 laborem
815 842 1073 894 Lauduno
1134 842 1464 895 inferendum
1527 842 1832 895 decernunt.
1926 842 1999 893 Et
2047 844 2158 893 sine

302 934 450 968 mora
486 913 573 965 illo
614 914 907 965 exercitum
945 913 1156 964 ducunt.
1249 912 1386 965 Cum
1425 930 1548 980 ergo
1589 931 1657 965 ex
1693 912 1915 964 adverso
1964 913 2159 963 montis

303 985 641 1039 eminentiam
678 982 916 1034 viderent
955 984 1038 1035 etb
1078 984 1220 1033 omni
1257 991 1406 1053 parte
1432 983 1578 1035 iubis
1614 982 1771 1034 situm
1807 981 2159 1050 explorarent,

304 1055 515 1124 cognito
554 1054 822 1104 incassum
861 1070 972 1104 sese
1017 1052 1091 1104 ibi
1139 1059 1442 1119 certatUmS,
1490 1051 1555 1103 ab
1605 1071 1666 1103 ea
1702 1051 1833 1103 urbe
1879 1049 2160 1103 discedunt

304 1133 354 1179 et
407 1124 601 1176 Remos
657 1121 982 1174 adoriuntm·.
1071 1121 1181 1173 Ubi
1236 1124 1361 1192 quia
1412 1121 1666 1192 planicies
1729 1120 2160 1173 commoditatem

304 1192 624 1248 exercitibus
649 1191 888 1262 parabat,
929 1191 1135 1244 obsidio
1163 1192 1579 1262 circumquaque
1606 1192 1862 1259 disposita
1900 1200 1993 1243 est.
2055 1190 2158 1242 Etc

303 1265 474 1334 primo
514 1262 799 1314 certamine
839 1262 1133 1313 comminus
1171 1270 1467 1330 pugnatum
1518 1269 1610 1314 est.
1691 1262 1755 1312 In
1795 1279 1898 1330 quo
1945 1259 2049 1312 tela
2095 1278 2159 1311 ac

302 1333 508 1403 lapides
545 1341 655 1384 tam
693 1332 852 1384 dense
878 1330 1196 1397 ferebantur,
1238 1350 1396 1401 quam
1423 1331 1584 1384 densa
1611 1330 1815 1400 grando
1844 1330 2160 1400 quandoque

305 1403 568 1456 dilabitur.
644 1401 747 1452 Per
793 1402 1053 1469 integram
1100 1419 1225 1470 ergo
1277 1402 1417 1453 diem
1468 1401 1728 1453 continuis
1765 1399 1995 1452 motibus
2031 1398 2160 1450 urbs

302 1475 596 1543 inpugnata
646 1478 738 1522 est.
834 1471 962 1522 Post
1015 1488 1140 1522 vero
1204 1472 1497 1522 comminus
1555 1471 1778 1540 septiesa
1834 1469 2162 1535 dimicatum,

304 1552 461 1612 atque
487 1541 598 1597 hoc
635 1540 743 1591 fere
781 1558 877 1608 per
914 1539 1024 1591 dies
1064 1558 1174 1591 sex,

444 1611 528 1662 55.
585 1609 694 1661 Nec
740 1610 954 1661 tamend
1005 1610 1147 1660 cives
1194 1608 1419 1660 assiduis
1468 1609 1781 1661 tumultibus
1835 1609 1963 1661 victi
2020 1606 2162 1659 ulloc

304 1679 498 1732 1110110Ω
537 1678 809 1748 cedebant,
860 1697 979 1729 cum
1018 1697 1200 1730 eorum
1246 1677 1424 1748 presul
1461 1678 1621 1748 Hugo
1675 1678 1932 1748 quosdam
1969 1679 2162 1748 princi-

303 1769 447 1820 pum,
487 1750 577 1819 qui
603 1748 705 1799 sibi
733 1748 962 1818 quadam
990 1749 1303 1817 cognatione
1331 1749 1730 1816 conveniebant,
1762 1757 1913 1800 extra
1938 1747 2125 1800 urbem
2143 1758 2162 1782 θ

303 1819 557 1872 allocutus
607 1827 699 1884 est,
758 1836 1013 1888 quaerens
1064 1818 1132 1869 ab
1185 1819 1258 1870 eis
1304 1819 1580 1886 rationem,
1632 1826 1690 1872 ut
1737 1818 1947 1885 scilicet,
2006 1817 2169 1887 quidf

304 1889 586 1960 agendum,
627 1887 754 1957 quid
790 1887 1084 1953 vitandum,
1137 1886 1239 1939 sibi
1278 1888 1538 1956 dicerent,
1591 1889 1634 1940 si
1672 1886 1969 1959 aliquorum
2004 1888 2164 1940 inter-

306 1960 542 2011 cessione
580 1957 635 2009 id
679 1957 998 2009 medendum
1036 1957 1318 2024 videretur,
1371 1959 1414 2009 si
1465 1977 1597 2028 opus
1634 1958 1768 2010 foret
1804 1956 2068 2028 precibUS,
2117 1958 2162 2009 si

305 2030 461 2081 etiam
498 2046 710 2096 pugnae
746 2027 1049 2079 instandum
1088 2035 1239 2080 esset.
1303 2026 1387 2079 Illi
1411 2046 1540 2080 mox
1563 2047 1749 2097 regum
1775 2028 2163 2081 animositatem

304 2098 738 2163 demonstrantes,
774 2097 941 2147 fixum
979 2098 1034 2147 in
1072 2098 1146 2148 eis
1185 2106 1440 2164 asserunt,
1478 2097 1740 2150 nullorum
1777 2097 2160 2150 interventibus

305 2186 417 2220 sese
468 2183 825 2232 concessurOS,
882 2176 934 2219 at
989 2166 1251 2219 obsidioni
1305 2185 1472 2237 usque
1520 2168 1587 2219 ad
1643 2168 1888 2220 effectum
1943 2185 2161 2235 operam

304 2237 543 2302 daturos;
584 2236 725 2306 quod
764 2237 841 2287 sia
879 2235 1065 2288 urbem
1103 2237 1159 2287 vi
1198 2238 1319 2307 capi
1357 2238 1640 2307 contingat,
1679 2239 1783 2307 ipsi
1816 2238 2014 2306 presuli
2041 2254 2161 2288 ocu-

300 2306 379 2358 los
419 2306 713 2372 6110550105,
753 2314 803 2358 et
827 2305 927 2357 hoc
954 2307 1028 2358 ita
1054 2305 1352 2358 ordinatum
1378 2308 1679 2377 fixumque3
1718 2307 1859 2359 unde
1887 2315 1937 2360 et
1963 2305 2160 2360 accele-

301 2375 541 2442 randum,
580 2383 637 2427 ut
674 2375 975 2444 egrediatur
1001 2394 1228 2446 suosque
1255 2377 1322 2429 ab
1349 2395 1535 2446 regum
1560 2376 1925 2446 indignatione
1951 2377 2158 2446 eripiat.

303 2445 403 2496 His
441 2443 620 2514 presul
656 2446 882 2511 territus,
922 2447 1029 2497 suis
1067 2445 1167 2498 hoc
1206 2454 1513 2498 monstratg.
1588 2447 1659 2499 Et
1697 2446 1912 2499 consilio
1956 2446 2156 2513 habito,

305 2514 425 2567 dieh
466 2514 754 2567 obsidionis
793 2524 975 2568 sexta·
1019 2533 1138 2567 cum
1177 2516 1284 2568 suis
1324 2517 1606 2587 egreditur.
1692 2517 1906 2570 Portaei
1942 2515 2159 2586 regibus

302 2584 622 2654 panduntur.

444 2655 526 2706 56.
582 2655 752 2723 Reges
808 2673 934 2708 vero
990 2654 1272 2707 Artoldum
1325 2663 1678 2723 resumenteS,
1740 2656 1927 2709 urbem
1982 2673 2161 2708 conse-

307 2732 524 2792 quenter
559 2723 914 2777 introducunt.
989 2725 1340 2795 Duorumque
1377 2726 1902 2795 metropolitanorum
1938 2725 2159 2793 mediUS,
2238 2783 2240 2787 ¹

304 2793 563 2844 Friderici
617 2794 918 2863 Maguntini
979 2813 1041 2847 ac
1096 2796 1337 2848 Rotberti
1393 2796 1758 2863 Treverensis,
1811 2796 1878 2848 ab
1935 2796 2010 2847 eis
2064 2814 2162 2865 per

306 2880 492 2913 manus
529 2864 780 2931 pristinae
820 2864 932 2917 sedi
968 2866 1235 2918 restitutus
1275 2874 1366 2917 est.
1430 2865 1539 2918 Ubi
1577 2866 1735 2918 etiam
1773 2883 1902 2917 mox
1935 2863 2160 2917 Gerber-

307 2949 429 2999 gam
479 2934 716 3001 reginam
769 2952 886 2985 cum
934 2934 1135 3004 aliquot
1178 2934 1466 2987 illustribus
1513 2935 1782 2987 custodiae
1829 2935 2158 3005 deputantcS‚

306 3002 408 3068 ipsi
458 3010 561 3052 tres
610 3020 761 3071 reges
807 3005 862 3054 in
908 3004 1195 3073 Hugonem
1233 3004 1423 3056 ducem
1471 3023 1592 3057 cum
1636 3006 1872 3057 exercitu
1907 3005 2157 3056 feruntur.

309 3069 545 3123 Silletum
599 3090 805 3142 quoque
850 3075 903 3125 vi
951 3075 1244 3144 irrumpere
1292 3075 1544 3141 nitenteS,
1594 3075 1923 3127 considerato
1975 3073 2159 3145 oppidi

305 3140 652 3207 firmamentO,
691 3142 812 3194 inde
850 3143 1184 3211 amoliuntur,
1222 3162 1329 3196 non
1365 3152 1544 3196 tamen
1588 3145 1700 3196 sine
1739 3143 1980 3197 suburbii
2019 3161 2158 3196 com-

305 3207 547 3261 bustione
592 3220 642 3262 et
690 3210 986 3282 aliquorum
1035 3232 1190 3281 nece,
1243 3215 1422 3284 sicque
1473 3213 1540 3265 ad
1585 3213 1806 3266 fluvium
1854 3214 2157 3283 Sequanam

306 3279 642 3331 contendunt.

403 3398 440 3440 a)
460 3404 541 3439 post
569 3400 648 3435 aad.
752 3400 788 3441 b)
826 3406 860 3433 et
889 3411 936 3434 ex
967 3406 998 3434 1.
1113 3402 1147 3445 c)
1175 3405 1225 3436 Et
1250 3405 1290 3436 in
1320 3407 1352 3436 1.
1464 3402 1501 3445 d)
1536 3405 1695 3444 Iamque
1724 3405 1754 3436 1.
1866 3400 1902 3444 6)
1937 3412 1973 3434 u.
2002 3405 2158 3442 praeter

303 3457 455 3479 suorum
485 3449 760 3482 conscientiam
788 3451 868 3481 add.
901 3454 932 3484 1.
1033 3451 1062 3493 f)
1092 3453 1165 3484 sibi
1182 3463 1217 3493 q.
1236 3462 1269 3486 a.
1288 3463 1322 3493 q.
1339 3463 1373 3485 v.
1393 3454 1426 3486 d.
1449 3457 1480 3484 1.
1583 3452 1620 3494 g)
1650 3455 1809 3485 mostrat
1835 3461 1928 3483 corr.
1956 3454 2156 3484 monstrat.

304 3495 342 3537 h)
373 3498 406 3529 d.
436 3507 463 3528 s.
495 3507 527 3529 0.
558 3501 589 3531 1.
692 3496 718 3538 i)
743 3499 785 3530 P.
816 3508 967 3539 quoque
999 3503 1029 3534 1.

431 3590 473 3644 1)
501 3599 601 3644 post
636 3591 805 3634 terciam
839 3592 1075 3636 obsidionis
1108 3594 1222 3638 diem
1252 3596 1382 3639 Flod.
