2240 3879
197 400 279 432 980.

113 2396 202 2433 ’f01.
219 2401 289 2433 36¹.

118 2463 176 2506 ⁸p.
207 2465 289 2498 620.

301 245 384 285 106
747 240 1002 283 RICHERI
1036 240 1454 282 HISTORIARUM
1486 240 1669 279 LIBER
1702 239 1787 280 III.

296 381 737 453 prestolabantur.
799 380 1106 431 Haerebant
1144 379 1352 444 etenim,
1392 397 1460 429 an
1487 376 1702 430 Otricoa
1737 376 2000 447 quispiam
2025 375 2154 427 resi-

296 461 431 504 stere
492 451 722 503 auderet.
819 450 1042 501 Necnon
1104 457 1154 500 et
1215 456 1471 516 augustus
1531 447 1833 498 huiusmodi
1889 452 2154 496 certamen

294 521 598 574 habendum
637 519 823 572 callide
860 519 1233 588 pertractabat.
1302 515 1583 568 Nitebatur
1620 526 1794 568 autem
1835 514 2155 567 Gerbertum

295 593 568 643 incautum
595 590 777 644 Otrico
818 607 1100 658 opponere,
1140 598 1213 651 ut,
1252 589 1295 637 si
1332 588 1574 638 incautus
1601 594 1954 655 appeteretur,
1993 583 2155 634 maio-

297 680 409 713 rem
447 659 877 712 controversandi
915 661 1153 708 animum
1178 658 1231 707 in
1260 657 1581 708 contrarium
1607 663 1859 706 moveret.
1912 654 2156 707 Otricum

296 749 420 783 vero
460 729 623 781 multa
661 746 957 798 proponere
994 727 1189 778 nihilve
1218 726 1419 778 solvere
1446 723 1771 776 hortabatur.
1835 727 2011 793 Atque
2037 722 2154 773 hisb

299 800 542 852 omnibus
581 819 646 850 ex
687 799 900 849 ordinee
952 797 1362 862 considentibus,
1413 804 1667 864 augustus
1715 812 1898 845 eorum
1947 792 2156 844 medius

300 871 373 921 sic
411 871 474 921 eh
514 867 757 920 sublimib
797 868 993 936 coepit:

299 970 380 1022 58.
455 967 719 1020 Allocutio
772 967 984 1035 augusti
1030 965 1238 1018 Ottonis
1288 967 1342 1016 in
1392 972 1653 1017 conventu
1699 963 2015 1033 sapientium
2061 979 2157 1030 pro

895 1036 1260 1087 emendatione
1298 1036 1499 1105 figurae
1515 1036 1553 1085 ¹³.

443 1122 792 1186 ‘Humanam',
832 1122 1104 1191 inquiens,
1147 1127 1221 1172 ‘ut
1258 1121 1484 1172 arbitror
1520 1119 1793 1170 scientiam
1832 1117 2017 1169 crebra
2053 1134 2159 1167 me-

302 1192 485 1243 ditatio
505 1191 589 1243 vel
611 1192 916 1243 exercitatio
937 1190 1109 1243 reddit
1129 1189 1414 1256 meliorem,
1444 1191 1686 1259 quotiens
1703 1189 1724 1221 d
1744 1206 1920 1239 rerum
1939 1186 2161 1237 materia
2204 1240 2206 1242 ,

302 1270 660 1331 competenter
710 1261 981 1313 ordinatae
1037 1261 1366 1312 sermonibus
1426 1259 1702 1329 exquisitis
1751 1276 1847 1327 per
1897 1254 2162 1326 quoslibet

301 1332 565 1401 sapientes
605 1331 830 1383 effertur.
886 1331 1023 1382 Nam
1064 1348 1183 1380 cum
1221 1349 1317 1399 per
1355 1330 1521 1381 otium
1560 1329 1834 1397 sepissime
1871 1335 2159 1396 torpemus,

303 1421 347 1453 51
383 1401 680 1470 aliquorum
728 1401 1000 1470 pulsemur
1047 1400 1426 1468 questionibus,
1474 1399 1541 1449 ad
1578 1397 1856 1449 utillimam
1893 1415 2019 1447 mox
2056 1414 2162 1448 me-

300 1471 606 1522 ditationem
672 1471 968 1522 incitamur.
1054 1471 1195 1521 Hinc
1254 1471 1473 1520 scientia
1533 1487 1711 1520 rerum
1771 1485 1800 1517 a
1840 1465 2160 1517 doctissimis

303 1540 476 1592 elicita
513 1548 606 1591 est.
679 1540 822 1590 Hinc
860 1548 951 1605 est,
992 1539 1132 1608 quod
1169 1540 1235 1590 ab
1276 1539 1350 1590 eis
1388 1537 1593 1607 prolata
1629 1537 1776 1589 libris
1815 1535 2008 1587 tradita
2045 1542 2164 1586 sunt

301 1611 558 1679 nobisque
610 1609 678 1660 ad
724 1610 850 1661 boni
901 1610 1151 1661 exercicii
1200 1608 1424 1677 gloriam
1472 1606 1764 1659 derelictas.
1849 1605 2162 1656 Afficiamur

302 1681 463 1749 igitur
501 1689 551 1731 et
587 1697 682 1730 nos
721 1678 986 1749 aliquibus
1016 1679 1249 1743 obiectis,
1292 1678 1483 1747 quibus
1511 1686 1561 1728 et
1587 1677 1794 1727 animus
1822 1674 2162 1727 excellentior

303 1750 369 1800 ad
419 1748 798 1818 intelligentiae
852 1750 1084 1800 cerciora
1135 1748 1373 1800 ducatur.
1457 1747 1528 1798 Et
1578 1747 1686 1807 eia,
1737 1746 2010 1815 inquamb‚
2056 1745 2159 1795 iam

301 1838 444 1870 nunc
490 1818 824 1871 revolvamus
861 1819 1089 1888 figuram
1127 1817 1271 1869 illam
1309 1817 1410 1869 deb
1448 1815 1847 1886 philosophiaeb
1873 1814 2160 1884 partibusb,

305 1908 439 1958 quae
490 1890 642 1941 nobis
689 1907 824 1940 anno
877 1889 1146 1958 superiore
1196 1895 1484 1939 monstrata
1536 1896 1630 1938 est.
1707 1885 1906 1938 Omnes
1946 1883 2163 1953 diligen-

303 1960 503 2011 tissime
555 1976 671 2010 03111
718 1959 1013 2011 advertant.
1094 1959 1398 2027 Dicantque
1451 1955 1658 2026 singuli,
1706 1956 1834 2025 quid
1872 1956 1927 2005 in
1965 1972 2028 2006 ea
2072 1961 2164 2005 aut

306 2036 489 2080 contra
527 2047 642 2080 eam
683 2029 925 2080 sentiant.
1003 2028 1061 2080 Si
1097 2027 1290 2078 nullius
1343 2028 1670 2079 extrinsecus
1717 2025 1935 2094 indiget,
1985 2031 2163 2075 vestra

310 2099 544 2150 omnium
592 2098 869 2150 roboretur
915 2098 1312 2167 approbatione.
1398 2096 1455 2148 Si
1492 2115 1617 2148 vero
1669 2094 1981 2164 corrigenda
2018 2093 2162 2145 vide·

308 2168 464 2231 bitur,
516 2168 831 2237 sapientium
879 2168 1151 2219 sententiis
1197 2175 1287 2218 aut
1323 2165 1653 2235 improbetur
1690 2175 1780 2218 aut
1817 2165 1885 2216 ad
1921 2181 2162 2216 normam

307 2237 592 2307 redigatur.
687 2237 988 2306 Coramque
1027 2237 1322 2288 (1010131011)Υ
1358 2238 1463 2288 13111
1501 2255 1643 2286 1111110
1681 2234 1938 2286 videnda’.
2013 2233 2164 2284 Tunc

309 2306 520 2359 Otricus
558 2326 673 2359 eam
710 2309 764 2357 in
802 2316 982 2375 aperto
1029 2306 1316 2376 proferens,
1368 2325 1399 2357 3.
1440 2306 1698 2358 (1101110110
1749 2306 1823 2356 510
1872 2304 2164 2355 ordinatam

309 2386 359 2430 et
394 2396 424 2428 a.
463 2378 571 2428 suis
622 2377 952 2428 auditoribus
1004 2386 1282 2444 exceptam
1332 2377 1688 2446 scriptamque
1737 2373 2037 2443 respondit,
2085 2376 2167 2424 *et
2239 2377 2240 2380 ’

309 2448 381 2498 510
420 2447 613 2499 (10111110
662 2456 889 2515 augusto
944 2446 1253 2516 *legendam
1292 2447 1544 2514 porrexit.
1621 2445 1773 2510 Quae
1820 2443 2052 2513 perlecta
2096 2440 2166 2493 ad
2193 2459 2240 2500 ,ᾗ

309 2516 625 2569 Gerbertum
680 2516 852 2568 delata
901 2526 993 2568 est.
1085 2516 1191 2581 Qui
1238 2516 1518 2585 diligenter
1570 2533 1687 2566 eam
1732 2531 2061 2584 percurrens,
2109 2513 2165 2563 in

307 2597 456 2656 parte
494 2587 755 2656 approbat
793 2594 843 2638 et
878 2587 933 2637 in
954 2594 1118 2666 'parte
1155 2587 1435 2657 vituperat,
1490 2583 1752 2654 simulque
1791 2602 1898 2635 non
1935 2583 2011 2634 510
2049 2599 2166 2635 03111
2238 2582 2240 2634 f

310 2676 421 2709 sese
461 2657 729 2709 ordinasse
767 2666 1004 2708 355011111.

483 2757 565 2808 59.
639 2756 850 2808 Divisio
889 2756 1210 2808 theoreticae
1227 2757 1249 2789 ¹¹
1288 2754 1651 2826 philosophiae
1689 2755 1743 2805 in
1781 2753 2001 2823 species,

449 2842 686 2910 Rogatus
725 2850 901 2894 autem
938 2842 1005 2894 ab
1044 2849 1269 2910 augusto
1316 2840 1593 2909 corrigere,
1643 2840 1739 2890 ait:
1797 2838 2095 2904 (Quoniam,
2135 2852 2165 2888 0

312 2929 501 2979 magne
541 2929 719 2963 caesar
765 2919 1003 2980 auguste,
1054 2921 1104 2963 te
1141 2912 1221 2962 his
1261 2910 1506 2962 omnibus
1544 2909 1802 2978 potiorem
1839 2907 2009 2972 video,
2046 2906 2164 2973 tuis,

312 2988 370 3030 ut
395 2997 491 3048 par
517 2990 608 3045 est,
648 2982 804 3031 iussis
831 2982 1045 3050 parebo.
1108 2981 1219 3032 Nec
1257 2980 1491 3032 movebit
1517 2998 1600 3030 me
1626 2976 1990 3029 malivolorum
2015 2975 2164 3042 livor,

312 3067 535 3117 quorum
583 3051 830 3101 instinctu
876 3051 931 3102 id
967 3051 1165 3102 factum
1204 3058 1304 3117 est,
1357 3059 1416 3102 ut
1462 3049 1757 3102 rectissima
1801 3045 2165 3125 philosophiae

313 3119 519 3184 divisio,
558 3119 901 3188 probabiliter
940 3120 1275 3189 dilucideque
1314 3138 1342 3170 a
1382 3138 1465 3170 me
1503 3137 1671 3187 nuper
1710 3117 1963 3182 ordinata,
2009 3131 2164 3167 unlus

311 3189 503 3258 speciei
542 3190 905 3258 suppositione
943 3191 1126 3241 vitiata
1164 3192 1277 3241 sit*.
1340 3189 1479 3240 Dico
1500 3189 1694 3257 itaque,
1723 3185 2163 3251 mathematicam,

435 3308 472 3361 ²⁶)
521 3309 618 3349 Non
664 3311 777 3349 enim
822 3311 991 3362 ignoro,
1037 3324 1359 3363 quemcumque
1393 3310 1553 3350 bonum
1594 3308 1826 3349 calumniis
1859 3299 2193 3347 malivolorum‘

525 3370 702 3410 assidue
736 3372 945 3411 insectari
981 3372 1086 3411 adel.
1125 3373 1162 3410 1.

410 3459 446 3500 a)
476 3469 605 3492 eorum
635 3461 853 3493 doctissimo
884 3464 913 3499 1,
943 3472 1036 3494 corr.
1068 3464 1100 3494 2.
1214 3461 1251 3503 b)
1275 3466 1358 3502 post
1385 3461 1467 3492 add.
1572 3459 1605 3500 c)
1634 3460 1673 3490 hi
1701 3467 1830 3490 omnes
1859 3459 1951 3490 iussi
1979 3458 2167 3490 consede·

313 3512 399 3596 {snt
429 3511 458 3541 1.
479 3557 496 3588 b
561 3508 598 3550 d)
627 3511 659 3541 si
689 3512 723 3541 1.
827 3509 861 3551 0)
893 3512 1088 3544 ordinetur
1117 3514 1153 3543 et
1183 3529 1223 3534 —
1254 3511 1433 3543 efferatur
1462 3512 1494 3541 1.
1585 3507 1614 3549 f)
1642 3509 1779 3539 desunt
1797 3509 1828 3539 1.
1913 3507 1951 3550 g)
1966 3507 2106 3548 profer.
2128 3499 2171 3541 1.'

382 3565 426 3588 ae
454 3567 474 3588 (l
499 3567 547 3589 SC.
2171 3560 2173 3563 ‘
