2240 3879
515 220 765 260 RICHERI
798 220 1211 262 HISTORIARUM
1245 221 1427 260 LIBER
1461 221 1520 263 ΙΙ.
1873 223 1928 261 47

92 357 328 408 Tandem
367 375 492 408 vero
532 357 696 409 multa
734 358 1123 426 expugnatione
1161 357 1395 408 attritum
1422 357 1714 425 ingreditur
1742 368 1928 411 totum-

91 444 191 495 que
228 426 484 494 pervadit.
534 426 739 477 Arnulfi
776 425 965 477 milites
1005 443 1183 476 omnes
1224 425 1637 494 comprehendit.
1689 428 1926 492 Quorum

91 494 220 545 alios
257 493 431 562 gladio
472 503 665 562 enecat,
705 494 832 546 alios
870 496 1024 545 uxori
1050 495 1289 564 natisque
1316 495 1613 563 repetendis
1642 508 1926 548 conservat.

267 624 345 674 15.
404 623 764 692 Com-gressusa
801 624 1004 675 Erluini
1044 633 1196 675 cuma
1243 624 1494 678 militibus
1533 624 1754 675 Arnnlfi.

227 721 478 774 Arnulfus
533 733 677 775 tanta
731 741 943 774 suorum
1007 723 1300 775 calamitate
1363 723 1645 789 confectus,
1707 723 1928 775 militesb

26 834 32 836 v
90 790 287 860 colligit
336 809 528 861 eosque
576 793 628 842 in
674 792 950 843 Erluinum
1003 794 1175 858 mittit,
1226 794 1316 862 qui
1365 794 1475 844 eius
1522 804 1713 845 terram
1763 811 1928 861 usquc

89 861 154 913 ad
205 861 461 930 oppidum
517 861 917 931 depopulentur.
1004 862 1343 931 Directique,
1400 862 1655 914 incendiis
1712 863 1928 913 circum-

64 931 67 934 ⁴
90 949 298 1000 quaque
325 949 385 982 ac
412 931 609 999 rapinis
635 929 919 982 admodum
947 931 1238 997 deseviunt,
1274 931 1538 1000 multaque
1564 950 1740 983 rerum
1767 931 1927 1000 preda

89 1000 330 1065 abducta,
369 1000 702 1065 festinabant,
756 1018 874 1051 cum
922 998 1078 1068 legati
1127 1001 1193 1052 ab
1243 1000 1460 1052 Erluino
1509 1001 1785 1065 affuerunt,
1838 1001 1926 1069 qui

87 1069 393 1135 indicarent,
447 1070 603 1138 quod,
658 1070 759 1120 nisi
805 1077 967 1121 totam
1016 1070 1233 1138 predam
1281 1071 1391 1120 sine
1441 1088 1587 1120 mora
1636 1069 1929 1134 redderent,

89 1140 198 1190 sine
237 1156 383 1189 mora
420 1140 494 1190 eis
533 1157 647 1190 esse
684 1137 1146 1206 congrediendum.
1208 1139 1402 1190 Hostes
1441 1139 1756 1207 legationem
1790 1157 1929 1207 sper-

88 1215 285 1273 nenteS,
327 1215 481 1276 capta
518 1208 779 1260 abducere
829 1207 1206 1261 accelerabant.
1291 1209 1478 1276 Legati
1525 1208 1765 1276 regressi,
1816 1225 1929 1258 sese

88 1278 319 1329 abiectos
357 1277 600 1329 referunt.
663 1276 942 1328 *Erluinus
981 1295 1101 1328 cum
1141 1277 1536 1346 quadringentis
1574 1286 1927 1328 armatorumC

88 1365 215 1397 mox
252 1347 507 1415 processit
543 1363 606 1397 ac
652 1345 1019 1398 festinantibus
1071 1348 1387 1416 supervenit.
1473 1346 1555 1397 Illi
1592 1365 1716 1398 vero
1766 1346 1927 1415 preda

87 1415 268 1468 relicta
307 1416 560 1481 conversi,
598 1415 917 1467 irruentibus
958 1416 1319 1468 obvertuntur.
1395 1417 1677 1484 Signisque
1715 1414 1928 1480 collatis,

88 1485 276 1536 acriter
324 1485 631 1535 dimicatum
684 1492 774 1535 est.
856 1485 1123 1537 Predones
1169 1486 1274 1537 fere
1327 1503 1504 1536 omnes
1553 1485 1728 1554 gladio
1777 1502 1927 1536 occu-

88 1553 277 1619 buere,
341 1563 514 1622 preter
569 1553 662 1604 hos
714 1572 843 1623 quos
891 1554 1018 1623 fuga
1066 1554 1186 1606 belli
1235 1554 1513 1606 violentiae
1563 1555 1772 1606 exemit.
1856 1554 1928 1604 Et

87 1630 263 1675 tamen
300 1623 353 1688 ii,
393 1641 513 1674 cum
551 1623 675 1691 fuga
712 1641 800 1674 eos
840 1625 1147 1692 exagitaret,
1197 1625 1263 1676 ab
1301 1624 1518 1675 Erluino
1571 1625 1728 1693 postd
1765 1625 1927 1674 insec-

87 1700 229 1744 tante
266 1693 510 1744 atrociter
546 1692 648 1743 fusi
685 1701 819 1744 sunt.
904 1692 1154 1745 Erluinus
1202 1693 1377 1763 predis
1425 1696 1652 1763 receptis
1700 1711 1819 1744 cum
1856 1693 1929 1742 in-

89 1761 334 1831 gentibus
371 1762 602 1813 hostium
640 1761 901 1813 manubiis
940 1762 1007 1813 ad
1046 1780 1139 1814 sua
1172 1762 1393 1815 feliciter
1428 1763 1696 1815 remeavit.

215 1894 293 1944 16.
350 1891 716 1960 Belgicorume
756 1892 1115 2010 querlimoniae
1154 1891 1220 1941 ad
1258 1893 1470 1961 regemf
1504 1909 1661 1959 super
1698 1893 1809 1942 eius

902 1961 1142 2012 evitatess.

229 2061 346 2124 Quo
373 2068 608 2128 tempore
626 2058 964 2128 Belgicorum
991 2060 1254 2128 principes
1283 2058 1350 2109 ad
1376 2077 1555 2126 regem
1583 2061 1926 2112 conveniunt¹

87 2147 148 2180 ac
195 2128 438 2180 Lauduni
488 2128 631 2198 apud
684 2147 800 2180 eum
849 2130 1160 2197 gravissime
1210 2138 1625 2197 conqueruntur,
1678 2147 1737 2180 eo
1787 2128 1928 2199 quod

86 2199 408 2250 inconsultus
458 2198 634 2249 omnia
682 2206 912 2267 appetat.
989 2197 1046 2250 Si
1091 2216 1269 2249 eorum
1325 2216 1534 2268 quoque
1573 2198 1804 2250 consiliis
1841 2198 1927 2249 ad-

90 2269 341 2337 quiescat,
378 2269 432 2318 in
469 2268 667 2319 bonum
706 2269 906 2318 exitum
953 2285 1036 2318 res
1087 2285 1208 2318 suas
1261 2267 1572 2319 deventuras
1609 2276 1926 2329 memorant3

1945 374 2024 405 939.

1945 1287 1955 1297 ⁸
1971 1288 2035 1318 fol.
2068 1288 2136 1319 17¹.

88 2337 154 2388 ad
205 2337 306 2389 hoc
357 2337 514 2388 etiam
553 2355 666 2388 sese
705 2337 1036 2403 convenisse,
1087 2345 1146 2388 ut
1192 2336 1319 2404 quid
1376 2335 1500 2388 velit
1550 2337 1623 2387 eis
1672 2338 1927 2405 iniungat,
1991 2359 1997 2364 ’

90 2407 231 2475 quod
281 2406 428 2475 cupit
473 2406 702 2474 ingerat,
777 2407 820 2456 si
864 2405 1016 2472 velit,
1068 2406 1283 2457 consilio
1331 2413 1381 2457 et
1417 2406 1601 2470 armis,
1650 2413 1786 2456 terra
1823 2423 1929 2454 ma-

86 2477 236 2544 rique
298 2484 478 2526 contra
539 2475 713 2527 hostes
769 2493 880 2527 sese
937 2492 1321 2542 congressuros,
1411 2475 1527 2525 Rex
1578 2475 1644 2526 ab
1702 2475 1775 2525 eis
1826 2473 1927 2524 fide

89 2553 347 2612 suscepta,
387 2561 507 2594 cum
544 2543 708 2595 multa
744 2542 1099 2596 benivolentia
1135 2543 1305 2595 redire
1343 2543 1597 2612 permisit,
1638 2545 1679 2593 si
1719 2542 1929 2594 fortuna

91 2614 407 2683 quandoque
444 2612 687 2682 postulet,
738 2613 908 2665 redire
953 2612 1156 2664 iubenS.
1228 2612 1339 2662 Nec
1387 2611 1550 2663 multo
1599 2620 1718 2681 post
1766 2620 1816 2662 et
1862 2611 1927 2662 ab

89 2682 397 2735 AEdelstano
435 2682 732 2749 Anglorum
757 2700 880 2750 rege
909 2680 1088 2732 classis
1124 2683 1237 2749 regi
1270 2698 1388 2731 cum
1415 2682 1580 2749 copiis
1615 2681 1775 2732 missa
1802 2689 1877 2731 est
1893 2689 1926 2731 ².

90 2752 346 2805 Audierat
382 2752 538 2817 enim,
594 2749 738 2802 illum
776 2751 841 2802 ab
880 2751 981 2801 iisg
1019 2750 1111 2818 qui
1158 2750 1420 2800 maritima
1468 2749 1767 2802 incolebant
1812 2749 1928 2801 loca

93 2822 366 2891 exagitari,
404 2829 586 2873 contra
618 2839 749 2889 quos
787 2819 967 2871 classis
1006 2819 1278 2870 dimicaret
1313 2819 1531 2888 regique
1569 2819 1745 2888 nepoti
1784 2820 1928 2870 auxi-

91 2889 218 2942 lium
253 2891 424 2942 ferret.
498 2889 780 2958 Comperto
818 2906 960 2953 verO,
1000 2896 1181 2940 contra
1209 2905 1387 2957 regem
1423 2887 1629 2939 illorum
1667 2889 1927 2940 neminem

93 2967 244 3026 stare,
282 2961 563 3028 ipsumque
600 2977 778 3028 regem
805 2959 857 3008 in
884 2964 1057 3026 partes
1087 2956 1400 3009 Germaniae
1425 2975 1735 3027 prosperum
1766 2975 1929 3009 seces-

94 3030 237 3095 sisse,
287 3031 420 3079 mari
456 3046 696 3080 remenso
734 3027 799 3078 ad
837 3027 1052 3096 propria
1089 3034 1300 3078 remeat.

191 3191 226 3233 a)
256 3202 330 3234 sus,
356 3202 419 3224 um
447 3192 538 3225 absc.
663 3190 702 3232 b)
732 3192 893 3224 militum
922 3190 1112 3222 cohortem
1150 3192 1180 3221 1.
1308 3188 1339 3229 c)
1369 3191 1551 3223 militibus
1582 3192 1612 3223 1.
1716 3190 1750 3231 d)
1780 3191 1800 3222 i.
1828 3199 1864 3228 p.
1896 3191 1928 3220 1.

95 3239 128 3282 e)
155 3242 198 3282 B,
227 3251 313 3283 que,
339 3241 373 3273 le
402 3241 492 3272 absc.
594 3239 622 3281 f)
651 3249 735 3271 eum
767 3243 797 3272 1.
901 3238 937 3278 g>
967 3239 1024 3269 his
1054 3240 1085 3271 1.

215 3348 259 3403 1)
292 3349 421 3391 Flod.
455 3363 494 3389 a.
531 3349 633 3389 939.
669 3347 722 3388 de
755 3347 1117 3388 Lothariensibus
1149 3347 1302 3397 refert,
1348 3348 1422 3400 qui
1465 3360 1511 3388 se
1555 3346 1787 3387 Ludovico
1835 3347 1928 3397 regi

97 3411 439 3451 committebant.
567 3406 613 3461 2)
647 3407 774 3448 Flod.
809 3407 916 3447 ibid.
