2240 3879
267 250 325 289 88
691 246 944 287 RICHERI
977 246 1394 288 HISTORIARUM
1425 246 1609 288 LIBER
1640 247 1726 289 111.

168 386 519 452 955.Carnoti,
569 385 817 452 Turonis,
865 384 1023 437 Bleso
1074 383 1293 454 aliisque
1344 401 1503 453 quam
1551 384 1792 455 plurimis
1842 384 2122 438 Neustriae

275 454 498 508 urbibus
553 456 868 526 oppidisque
887 466 920 507 1.
1004 454 1135 506 Inde
1187 471 1398 523 quoque
1437 472 1557 506 cum
1594 457 1829 507 exercitu
1863 456 1919 505 in
1955 455 2119 524 Aqui-

274 526 471 579 taniam
507 524 762 577 feruntur.
834 525 905 576 Et
945 524 1215 593 premissis
1252 522 1455 592 legatis,
1507 541 1626 574 cum
1665 523 1941 577 XVilelmus
1979 524 2124 593 prin-

273 614 399 664 ceps
448 603 757 647 occurrerea
803 593 977 660 nollet,
1024 594 1287 645 Pictavim
1334 592 1657 659 adoriuntur,
1704 594 1998 663 principem
2043 591 2120 644 ibi

274 683 387 717 esse
424 666 541 716 rati.
615 663 752 717 Cum
790 682 914 733 ergo
966 664 1228 715 exercitus
1272 663 1729 715 vehementissime
1769 663 1955 715 urbem
1993 671 2119 715 atte-

272 743 410 786 reret
461 744 511 787 et
560 733 850 785 diutissime
898 751 1134 802 pugnam
1183 732 1398 784 urbanis
1446 732 1674 799 inferret,
1724 750 1756 782 a
1803 732 2121 801 quibusdam

270 805 431 873 regiis
458 813 687 855 castrum
713 810 922 854 sanctae
948 802 1290 872 Radegundis
1321 801 1440 854 urbi
1467 803 1771 870 contiguum
1797 802 2122 854 clandestina

273 875 560 943 irreptione
621 881 833 942 captum
894 880 1051 942 atque
1113 890 1422 924 succensum
1479 880 1571 924 est.
1657 870 1940 941 Comperto
1994 890 2120 923 vero

275 944 570 1013 principem
608 960 714 993 non
763 941 962 1008 adesse,
1008 942 1218 994 tandem
1268 950 1387 1011 post
1435 941 1657 993 duorum
1696 942 1957 993 mensium
1995 940 2129 1007 dies,

275 1013 448 1065 victus
485 1011 777 1082 indigentia
827 1013 1066 1064 exercitu
1113 1011 1348 1081 fatigatO,
1400 1013 1466 1064 ab
1507 1011 1780 1064 obsidione
1819 1010 2124 1063 disceditur.

414 1114 463 1164 4.
520 1110 800 1165 VVilelmus
839 1130 964 1164 vero
1003 1110 1295 1163 Arverniae
1330 1112 1459 1164 fines
1497 1111 1836 1180 perlustrans,
1876 1129 2010 1181 quae
2048 1119 2131 1163 est

274 1181 593 1251 Aquitaniae
643 1200 782 1252 pars,
834 1179 900 1232 ab
954 1181 1164 1251 oppidis
1212 1181 1404 1233 milites
1451 1181 1722 1247 educebat,
1773 1181 1841 1233 ad
1888 1198 2126 1250 pugnam

276 1253 566 1304 exercitum
605 1251 874 1320 colligens.
934 1250 1291 1321 Collectoque,
1318 1252 1374 1302 in
1399 1270 1578 1321 regem
1614 1251 1791 1303 fertur.
1850 1251 1969 1316 Quo
1995 1250 2128 1302 rexb‘

85 1342 176 1378 ποι.
198 1347 254 1379 32,
277 1330 563 1392 comperto,
593 1326 611 1344 *
627 1322 760 1373 duce
788 1321 993 1374 favente
1019 1323 1310 1375 exercitum
1336 1322 1391 1372 in
1417 1320 1621 1374 hostem
1646 1321 1868 1373 reducit.
1926 1320 2126 1390 Signis-

275 1410 376 1461 que
412 1391 613 1444 infestis
652 1391 1008 1460 congreditur.
1079 1392 1351 1443 Acerrime
1390 1390 1697 1442 dimicatum
1733 1398 1825 1457 est,
1862 1388 2130 1442 nonnullis

272 1462 537 1530 utrimque
574 1461 721 1512 fusis.
815 1461 922 1512 Sed
959 1462 1103 1530 regio
1144 1461 1413 1530 equitatu⁰
1449 1460 1771 1530 prevalente,
1826 1460 2129 1530 Aquitanos

273 1531 401 1600 fuga
439 1532 690 1599 exagitat.
771 1530 970 1598 Regiae
1026 1549 1152 1582 vero
1209 1532 1349 1582 acies
1400 1531 1756 1599 promtissime
1802 1530 2129 1581 insecuntur.

272 1601 336 1651 In
376 1618 481 1669 qua
516 1599 643 1669 fuga
678 1600 917 1651 nonnulli
953 1599 1343 1670 Aquitanorum
1382 1599 1659 1665 interfecti,
1698 1599 1912 1669 plurimi
1949 1607 2126 1651 autem

272 1671 416 1738 capti
452 1669 678 1721 fuerunt.
751 1668 1030 1722 VVilelmus
1068 1687 1192 1722 vero
1244 1669 1401 1721 devia
1451 1678 1677 1737 secutus,
1728 1688 1848 1721 cum
1887 1668 2128 1723 duobus2

269 1740 363 1791 vix
399 1758 494 1809 per
530 1741 757 1808 abrupta
791 1739 1042 1809 profugit.

417 1840 437 1851 .-

414 1856 461 1891 ί).
516 1840 670 1891 Rex³
710 1840 873 1908 ergod
911 1858 1167 1909 prospero
1205 1838 1329 1892 belli
1367 1857 1614 1891 successu
1661 1839 1900 1908 insignis,
1947 1839 2128 1890 aciese

271 1911 465 1962 iterum
500 1909 735 1961 Pictavis
773 1909 953 1962 inferri
988 1910 1179 1962 iubetf.
1262 1909 1636 1962 Arbitrabatur
1675 1909 1882 1973 etenim,
1938 1908 2125 1961 urbem

273 1988 399 2030 tunc
436 1978 683 2031 facillime
724 1981 842 2048 capi
879 1998 1050 2048 posse,
1089 1998 1209 2031 cum
1237 1981 1500 2033 exercitus
1525 1980 1751 2031 recentis
1776 1977 1902 2032 belli
1927 1979 2127 2030 animo-

274 2049 426 2100 sitate
466 2048 675 2100 adhucg
711 2048 911 2101 ferveat
948 2057 998 2100 et
1033 2050 1223 2102 urbani
1270 2048 1432 2101 multo
1479 2049 1812 2101 detineantur
1859 2057 2003 2101 metu
2057 2049 2127 2100 ob

274 2119 532 2188 principis
560 2120 639 2170 sui
665 2119 846 2188 fugam
875 2120 1091 2188 eiusque
1117 2119 1341 2171 militum
1368 2118 1632 2170 infelicem
1668 2127 1931 2173 eventum.
1993 2118 2125 2170 Dux

274 2190 452 2258 itaque
501 2189 639 2257 regis
687 2189 1175 2258 magnanimitatem
1224 2187 1388 2241 multo
1427 2188 1606 2240 favore
1644 2189 1931 2257 excipiens,
1978 2206 2124 2240 exer-

277 2258 453 2325 citum,
499 2257 624 2310 licet
666 2258 962 2326 fatigatum,
1015 2267 1102 2310 etg
1150 2268 1328 2310 tamen
1374 2277 1467 2309 sua
1514 2257 1839 2327 benignitate
1889 2267 2126 2327 captum,

89 2326 394 2379 ⁸p.011.urbi
432 2327 652 2380 reducit.
704 2328 929 2381 *Urbani
965 2347 1089 2380 vero
1128 2327 1251 2382 belli
1289 2346 1411 2380 casu
1449 2329 1720 2380 exanimes
1761 2329 1925 2379 vitam
1964 2327 2125 2397 depo-

274 2404 426 2448 scunt
464 2406 514 2449 et
549 2415 645 2466 pro
683 2398 829 2450 urbis
866 2397 1137 2450 illesioneh
1177 2397 1493 2468 supplicant.
1587 2398 1723 2450 Cum
1762 2406 1937 2450 autem
1976 2416 2124 2449 exer-

275 2467 407 2518 citus
451 2466 637 2519 urbem
684 2469 738 2519 vi
788 2467 943 2520 vellet
988 2469 1279 2538 irrumpere
1330 2478 1381 2520 et
1436 2467 1606 2539 spolia
1654 2476 1939 2536 asportare,
1997 2467 2128 2534 dux,

271 2535 451 2589 habita
486 2536 631 2606 apud
670 2556 758 2589 eos
797 2537 1139 2603 dissuasione,
1185 2539 1437 2590 intactam
1485 2556 1608 2607 rege
1645 2537 1858 2590 iubente
1895 2535 2124 2607 reliquit.

271 2607 389 2658 Rex
427 2616 603 2659 autem
641 2607 708 2659 ab
746 2606 961 2659 urbanis
1002 2608 1210 2661 obsides
1251 2617 1377 2678 quot
1401 2607 1514 2660 vult
1541 2608 1697 2677 capit.
1761 2607 1955 2677 Sicque
1986 2607 2123 2660 duce

273 2677 675 2744 interveniente,
726 2676 852 2729 urbs
899 2678 966 2730 ab
1018 2679 1277 2730 exercitui
1326 2677 1545 2730 liberata
1583 2686 1675 2729 est.
1747 2677 1819 2728 Et
1855 2677 1951 2730 sub
1988 2694 2125 2746 pace

274 2755 544 2816 sequestra
581 2746 783 2800 obsidio
831 2746 1062 2800 solvitur.
1137 2750 1502 2818 Prosperaque
1546 2766 1722 2800 rerum
1767 2748 1978 2799 fortuna
2025 2764 2121 2798 rex

172 2833 393 2873 956,cum
429 2815 562 2869 duce
602 2824 653 2868 et
690 2818 924 2870 exercitu
960 2817 1279 2870 Laudunum
1316 2818 1522 2886 repetit.
1595 2817 1725 2869 Dux
1767 2834 1891 2869 vero
1929 2817 2121 2868 Parisii

271 2894 531 2953 recethS,
569 2887 623 2937 in
660 2886 1009 2956 egritudinem
1048 2887 1260 2954 decidit,
1302 2905 1406 2958 qua
1450 2887 1671 2938 nimium
1709 2886 1943 2952 affectUS,
1979 2887 2120 2938 vitae

273 2953 430 3006 finem
468 2956 719 3025 accepit4.
796 2956 1149 3027 Sepultusque
1189 2967 1266 3010 est
1308 2958 1363 3008 in
1411 2955 1633 3009 basilica
1680 2957 1851 3009 sancti
1886 2956 2122 3007 Dionisii

271 3024 515 3075 martiris.

370 3187 405 3229 a)
444 3197 599 3220 occurre
626 3199 652 3222 c.
779 3190 816 3231 b)
853 3199 936 3223 cum
965 3193 1059 3224 duce
1086 3193 1167 3224 add.
1200 3194 1230 3224 1.
1360 3191 1393 3233 c)
1435 3192 1603 3224 exercitu
1632 3193 1665 3222 1.
1793 3188 1830 3230 d)
1871 3194 1947 3222 tam
1975 3191 2058 3222 add.
2088 3192 2119 3224 1.

273 3236 308 3278 e)
338 3239 544 3269 exercitum
575 3240 607 3269 1.
721 3237 750 3279 f)
779 3240 895 3272 insert
925 3243 957 3272 1.
1071 3241 1108 3282 g)
1132 3247 1213 3281 post
1241 3242 1320 3275 add.
1434 3241 1472 3281 h)
1501 3241 1623 3272 salute
1654 3243 1684 3271 1.
1794 3239 1820 3280 i)
1851 3248 1873 3270 a
1898 3239 1992 3281 (post
2019 3239 2127 3282 add.)

271 3287 502 3326 predonibus
534 3289 564 3320 1.

395 3425 439 3478 1)
473 3427 600 3468 Haec
632 3428 846 3469 Richerus
881 3429 1067 3471 addidit.
1192 3428 1238 3482 2)
1273 3444 1366 3470 cum
1396 3427 1554 3482 paucis
1592 3428 1720 3469 Flod.
1847 3426 1893 3481 3)
1927 3429 2027 3470 Hac
2061 3427 2124 3469 de

267 3499 314 3526 re
347 3487 456 3527 nihil
490 3488 618 3530 Flod.
743 3491 787 3541 4)
817 3489 1003 3530 Mortem
1039 3491 1240 3543 Hugonis
1275 3491 1466 3532 breviter
1501 3494 1710 3530 memorat
1743 3488 1871 3530 Flod.
1972 3506 1978 3509 “
