2240 3879
500 214 749 255 RICHERI
782 211 1193 254 HISTORIARUM
1220 211 1401 251 LIBER
1433 211 1540 251 IIII.
1848 210 1930 249 149

101 353 278 424 ponite
328 352 613 417 dexteram,
662 352 820 403 fidem
870 358 1050 401 contra
1096 366 1274 399 omnes
1324 349 1590 414 spondete.
1674 348 1932 416 Exceptio
1953 364 2032 397 991.

98 420 240 473 nulla
276 422 385 484 erit,
424 421 467 470 si
503 420 662 472 vultis
700 421 828 471 mihi
876 436 1049 470 comes
1097 417 1238 468 fieri'.
1309 415 1401 467 Ille
1452 417 1532 467 sui
1578 418 1687 468 voti
1735 418 1934 483 avidus,

102 489 352 560 quicquid
390 492 652 559 expetitur
688 488 925 558 spondet.
983 488 1188 555 Supera
1214 494 1393 536 sancta
1420 485 1658 536 dextram
1684 486 1935 551 extendit,

98 579 205 612 non
240 560 436 611 veritus
486 559 657 610 iurare
707 558 1073 628 quodcumque
1117 556 1444 623 propositum
1487 556 1599 605 fuit.
1683 555 1838 606 Unde
1888 564 1937 606 et

100 629 299 680 cunctis
355 628 611 695 credulus,
664 627 791 678 nulli
840 632 1108 694 suspectus
1154 624 1266 675 fuit.
1355 624 1418 675 In
1465 622 1605 674 nullo
1651 625 1861 691 negotio
1906 642 1936 674 a

133 716 306 767 uoque
343 698 551 749 vitatur.
614 698 697 748 De
734 696 863 747 urbe
900 693 1183 744 munienda
1219 695 1333 762 ipse
1373 694 1543 763 querit
1580 700 1630 743 et
1666 692 1936 743 deliberat.

99 718 349 820 &mnium
387 785 599 818 causam
636 766 941 817 sciscitatur.
1004 764 1107 814 Pro
1147 763 1387 814 omnibus
1427 761 1697 814 consultat.
1762 762 1936 827 Quare

96 838 308 906 ignotus
345 837 594 888 cunctosb
631 835 795 886 latuit.

361 950 444 1000 47.
519 947 965 1017 ComprehensioC
1001 945 1184 997 Karoli
1221 944 1286 995 ab
1325 944 1673 998 Adalberone.

234 1035 440 1086 Interea
489 1051 609 1084 cum
654 1030 838 1082 Karoli
885 1049 1197 1099 suorumque
1243 1029 1478 1080 habitum
1526 1030 1731 1098 penitus
1769 1029 1937 1097 pervi-

98 1105 276 1169 disset,
335 1121 446 1154 sese
494 1103 651 1152 etiam
698 1099 828 1150 nulli
877 1119 988 1151 esse
1039 1107 1353 1168 suspectum,
1410 1098 1555 1149 dolos
1604 1097 1940 1148 multifariam

96 1171 454 1242 pretendebat,
491 1180 548 1223 ut
586 1178 636 1221 et
671 1170 856 1221 urbem
895 1168 994 1219 sibi
1030 1169 1270 1220 redderet
1307 1176 1356 1219 et
1391 1167 1648 1218 Karolum
1684 1168 1796 1236 regi
1822 1184 1939 1235 cap-

96 1251 207 1293 tum
244 1241 486 1292 traderet.
559 1238 744 1290 Karoli
781 1240 956 1307 itaque
1008 1237 1267 1306 colloquio
1318 1239 1479 1288 utitur
1526 1237 1749 1305 saepius,
1796 1235 1939 1287 beni-

94 1311 376 1363 volentiam
423 1308 623 1379 profert
658 1307 896 1376 amplius.
973 1308 1099 1358 Sese
1139 1324 1362 1376 quoque,
1402 1307 1444 1356 si
1482 1314 1732 1376 oporteat,
1772 1323 1940 1356 sacra-

96 1380 284 1431 mentis
334 1380 503 1448 magis
555 1377 915 1445 stringendum
968 1377 1142 1442 offert3
1191 1384 1336 1427 tanta
1384 1375 1589 1426 cautela
1645 1373 1939 1425 calliditatis

96 1468 236 1515 usus,
273 1457 331 1499 ut
368 1448 578 1499 omnino
618 1447 794 1498 dolum
832 1445 1175 1497 simulationis
1213 1445 1382 1495 colore
1435 1443 1711 1495 obvelaret.
1786 1444 1939 1495 Unde

99 1537 219 1570 cum
255 1526 408 1569 nocte
446 1517 674 1586 quadam
710 1517 844 1567 inter
882 1515 1174 1566 cenandum
1205 1514 1382 1565 hilaris
1407 1514 1671 1578 resideret,
1709 1512 1939 1563 Karolus

98 1595 349 1639 craterem
386 1605 617 1650 aureum,
652 1587 707 1636 in
745 1603 847 1654 quo
885 1602 1075 1653 panem
1121 1584 1402 1652 infregerat
1453 1584 1681 1651 vinoque
1744 1591 1938 1650 tempe-

97 1665 320 1716 raverat,
359 1664 556 1721 tenens,
593 1663 713 1724 post
749 1654 969 1705 multum
997 1655 1282 1722 cogitatum
1308 1654 1356 1703 ei
1382 1651 1589 1704 obtulit:
1629 1652 1938 1717 ‘Quoniam⁷,

97 1726 353 1795 inquiens,
393 1731 476 1775 ‘ex
512 1733 723 1793 patrum
761 1724 981 1774 decretis
1019 1722 1220 1791 palmas
1259 1730 1309 1772 et
1338 1721 1547 1773 frondes
1573 1721 1727 1772 hodie
1756 1721 1938 1771 sancti-

96 1795 323 1846 ficastisl
380 1804 535 1863 atque
589 1793 831 1862 plebemd
888 1793 1046 1843 sacris
1093 1791 1546 1842 benedictionibus
1597 1791 1939 1842 consecrastis

95 1866 352 1934 nobisque
408 1863 747 1915 eukaristiam
812 1862 1151 1931 porrexistis,
1225 1860 1518 1928 aliquorum
1601 1877 1939 1910 susurronum

98 1934 402 1999 calumnias,
443 1933 532 2001 qui
555 1932 705 1983 vobis
732 1931 1002 1983 fidendum
1027 1938 1237 1998 negant,
1263 1929 1606 1998 vilipendens,
1636 1947 1755 1980 cum
1782 1930 1939 1979 instet

97 2004 208 2055 dies
245 2004 504 2071 passionis
543 2002 741 2052 domini
779 2008 828 2051 et
866 2000 1138 2051 salvatoris
1184 2000 1348 2050 nostri
1383 1999 1542 2049 Iliesu
1580 1998 1788 2062 Christi,
1840 1997 1939 2048 hoc

96 2072 366 2123 vasculum
402 2079 604 2122 vestrae
644 2070 886 2138 dignitati
923 2078 1101 2138 aptum
1119 2080 1137 2103 θ
1186 2086 1301 2118 cum
1335 2070 1455 2119 vino
1484 2077 1533 2119 et
1556 2086 1693 2137 pane
1718 2067 1937 2119 infracto

97 2141 248 2193 vobis
286 2141 515 2209 porrigo.
571 2140 690 2191 Hoc
726 2137 972 2207 poculum
1010 2140 1064 2188 in
1101 2143 1250 2206 signo
1276 2136 1549 2189 habendae
1577 2144 1627 2187 et
1653 2135 1939 2187 servandae

96 2211 220 2262 fidei
258 2208 468 2262 ebibite.
543 2209 601 2260 Si
636 2226 760 2259 vero
798 2208 957 2259 fidem
996 2226 1203 2259 servare
1241 2208 1414 2258 animo
1452 2224 1558 2257 non
1596 2213 1710 2271 stat,
1749 2204 1938 2273 poculo

96 2280 312 2349 parcite,
365 2298 431 2331 ne
479 2278 790 2330 horrendam
840 2277 1003 2328 Iudae
1049 2276 1330 2345 proditoris
1387 2277 1615 2344 speciem
1670 2275 1936 2326 referatis’.

99 2349 216 2414 Quo
259 2349 632 2415 respondente:
685 2346 969 2398 ‘Craterem
1006 2346 1259 2413 recipiam
1311 2354 1360 2396 et
1406 2352 1589 2413 potum
1633 2343 1794 2395 libere
1832 2342 1937 2394 ebi-
1985 2355 1991 2360 ’

95 2417 263 2484 bam',
335 2417 562 2469 Karolus
601 2434 727 2467 mox
763 2424 1086 2484 prosecutus,
1125 2414 1426 2465 addendum
1465 2414 1620 2464 dixit:
1674 2418 1740 2463 ‘ct
1775 2411 1935 2463 fidem

95 2487 314 2538 faciam’.
386 2485 480 2538 Ille
518 2485 733 2537 ebibens
770 2493 1075 2553 prosecutus
1113 2492 1212 2534 est:
1264 2488 1330 2534 ‘et
1364 2482 1523 2534 fidem
1560 2481 1774 2547 faciam,
1814 2480 1935 2532 alio-

99 2557 223 2626 quin
263 2574 381 2607 cum
416 2555 552 2606 Iuda
588 2555 879 2605 inteream’!
943 2553 1013 2603 Et
1048 2552 1212 2603 multa
1247 2552 1326 2602 his
1365 2550 1554 2602 similia
1591 2550 1934 2602 anathematis

97 2625 258 2678 verba
313 2625 620 2677 cenantibus
671 2622 828 2673 dedit.
918 2622 1039 2672 Nox
1086 2621 1248 2672 futuri
1294 2619 1464 2671 luctus
1518 2628 1569 2671 et
1623 2619 1933 2688 proditionis

99 2696 309 2746 conscia
342 2693 585 2745 instabat.
660 2692 909 2757 Quietum
944 2692 1019 2742 ire
1058 2691 1398 2741 constitutum
1436 2697 1512 2739 est
1549 2688 1934 2757 dormitumque

96 2765 152 2814 in
187 2782 355 2815 mane.
428 2761 692 2814 Adalbero
732 2762 810 2811 sui
848 2759 953 2811 doli
990 2761 1245 2821 conscius,
1284 2757 1694 2809 dormientibusf
1735 2757 1935 2809 Karolo

98 2841 148 2884 et
184 2833 430 2895 Arnulfo,
478 2831 681 2901 gladios
730 2839 781 2881 et
828 2848 973 2881 arma
1017 2847 1047 2879 a
1091 2828 1350 2896 capitibus
1388 2845 1567 2878 eorum
1604 2829 1801 2878 amovit
1822 2825 1934 2878 lati—

97 2901 339 2972 bulisque
387 2901 671 2953 mandavit.
742 2898 1068 2950 Hostiarium
1117 2897 1270 2948 huius
1321 2896 1426 2948 doli
1469 2897 1713 2965 ignarum
1762 2913 1934 2947 accer-

99 2971 252 3038 sienS,
291 2989 499 3022 cursum
536 2968 826 3021 accelerare
864 2976 914 3019 et
952 2966 1212 3036 quendam
1252 2984 1462 3017 suorum
1488 2967 1742 3017 accersire
1767 2966 1932 3031 iubet3

100 3042 290 3091 ostium
345 3059 457 3092 sese
511 3046 837 3090 servaturum
889 3037 1097 3087 interim
1151 3035 1415 3105 pollicens.
1509 3035 1625 3099 Quo
1682 3034 1933 3102 digresso,

98 3107 363 3161 Adalbero
399 3112 454 3160 in
488 3110 605 3177 ipso
645 3107 776 3158 ostio
816 3124 927 3157 sese
963 3105 1194 3156 medium
1229 3104 1360 3171 fixit,
1396 3103 1631 3174 gladium
1668 3103 1764 3154 sub
1789 3109 1933 3154 veste

197 3264 233 3306 a)
262 3266 359 3298 Nam
385 3275 502 3306 super
530 3267 561 3298 1.
681 3263 719 3305 b)
749 3264 891 3294 cunctis
921 3264 953 3295 1.
1064 3260 1097 3302 c)
1125 3262 1258 3292 hensio
1285 3262 1376 3295 absc.
1493 3260 1530 3302 d)
1559 3260 1740 3300 populum
1755 3268 1931 3298 superscr.

99 3314 261 3354 plebem.
361 3314 396 3357 e)
423 3318 529 3355 ptum
556 3323 647 3346 corr.
677 3316 817 3352 aptum.
915 3311 944 3351 f)
970 3311 1169 3342 dormienti
1197 3311 1230 3343 1.

223 3429 268 3483 1)
300 3432 537 3471 Dominica
566 3429 807 3483 palmarum
841 3427 984 3477 (Mart.
1019 3424 1095 3476 29)
1127 3425 1314 3464 indicari
1345 3424 1535 3467 videtur.
1595 3421 1684 3463 Alii
1717 3423 1770 3463 de
1797 3434 1934 3462 coena

101 3489 278 3531 Domini
314 3492 574 3543 cogitarunt.
641 3489 707 3530 cf.
741 3487 956 3528 VVilmans
989 3500 1030 3539 p.
1068 3484 1165 3525 168.
