2240 3879
443 220 694 262 RICHERI
725 221 1140 264 HISTORIARUM
1173 222 1356 262 LIBER
1389 222 1472 265 III.
1799 224 1881 263 127

44 378 169 412 num
208 377 327 409 cum
365 359 599 410 exercitu
644 359 799 410 rediit
844 359 1022 427 ibique
1067 358 1395 427 procinctum
1443 358 1609 410 solvit.
1682 359 1883 411 Urbem

43 428 339 481 Virdunum
388 446 555 496 usque
600 429 655 478 in
694 427 831 479 diem
869 429 1006 478 vitae
1045 428 1154 477 eius
1192 444 1494 494 supremum
1544 427 1740 496 absque
1779 428 1883 478 ulla

42 497 385 565 refragatione
424 497 665 548 obtinuit.
721 496 1052 564 Disponebat
1082 504 1335 564 preterea,
1376 495 1637 564 quomodo
1667 496 1882 548 ulterius

45 565 374 636 procedendo
413 584 636 633 regnum
674 581 823 615 suum
852 564 1106 630 dilataret,
1148 582 1265 614 cum
1303 583 1384 615 res
1424 583 1549 615 suae
1577 583 1881 616 successum

44 635 299 705 optimum
333 633 587 686 haberent
621 635 875 702 regnique
910 633 1119 684 fortuna
1150 642 1278 701 pera
1317 642 1498 703 captos
1542 634 1791 702 primates
1828 635 1882 684 id

41 703 395 773 persuaderet.
488 703 592 756 Sed
639 703 905 754 Divinitas
954 721 1036 753 res
1087 702 1379 753 mundanas
1431 702 1781 755 determinans
1834 712 1883 754 et

41 771 217 841 Belgis
253 773 488 841 requiem
528 781 578 824 et
614 772 735 822 huic
770 771 1026 839 regnandi
1063 771 1221 822 finem
1260 771 1420 824 dedit.

628 930 743 983 109.
818 927 1007 981 Obitus
1044 930 1294 982 Lotharii.

175 1030 312 1081 Nam
349 1049 468 1082 cum
494 1028 718 1082 vernalis
757 1028 1032 1081 clementia
1069 1029 1254 1081 eodem
1292 1041 1456 1081 anno¹
1498 1029 1656 1081 rebus
1690 1030 1880 1081 bruma

37 1099 245 1152 afflictis
281 1100 488 1165 rediret,
533 1117 628 1168 pro
665 1117 839 1150 rerum
881 1100 1104 1150 naturab
1154 1100 1410 1150 inmutato
1448 1117 1584 1164 aere,
1634 1098 1878 1149 Lauduni

37 1178 273 1237 egrotare
310 1169 495 1237 coepit.
567 1168 722 1219 Unde
764 1177 988 1219 vexatus
1027 1179 1121 1220 ea⁰
1167 1169 1412 1235 passione
1460 1187 1594 1237 quae
1645 1166 1811 1218 colica
1849 1185 1879 1217 a

35 1238 248 1307 phisicis
287 1238 488 1303 dicitur,
538 1238 592 1287 in
640 1237 831 1288 lectum
871 1237 1080 1288 decidit.
1156 1237 1289 1289 Cuid
1340 1236 1486 1287 dolor
1535 1235 1877 1288 intolerabilis

35 1309 89 1358 in
133 1315 279 1376 parte
329 1307 516 1358 dextra
561 1325 719 1375 super
755 1306 985 1358 verenda
1033 1315 1158 1358 erat.
1231 1306 1316 1358 Ab
1366 1305 1618 1357 umbilico
1669 1323 1878 1375 quoque

34 1395 200 1446 usque
237 1375 304 1427 ad
341 1375 591 1445 splenem,
631 1384 681 1427 et
717 1375 839 1426 inde
876 1395 1042 1445 usque
1070 1375 1137 1426 ad
1169 1377 1366 1445 inguen
1404 1376 1687 1441 sinistrum,
1728 1383 1778 1427 et
1805 1375 1878 1426 sic

35 1446 103 1497 ad
149 1464 308 1497 anum
367 1445 567 1497 infestis
616 1444 884 1497 doloribus
938 1444 1259 1514 pulsabatur.
1343 1443 1499 1495 Ilium
1552 1462 1761 1513 quoque
1818 1461 1880 1494 ac

34 1515 240 1566 renium
288 1515 478 1566 iniuria
524 1513 774 1565 nonnulla
824 1522 960 1580 erat3
1012 1515 1316 1565 thenasmus
1355 1514 1623 1580 assiduus,
1682 1514 1878 1582 egestio

34 1585 350 1652 sanguinea3
393 1602 500 1635 vox
536 1582 811 1653 aliquoties
847 1583 1307 1635 intercludebatur.
1379 1583 1649 1634 Interdum
1687 1582 1879 1650 frigore

33 1653 255 1705 febrium
280 1652 499 1722 rigebat.
572 1654 796 1720 Rugitus
832 1653 1199 1704 intestinorum
1212 1664 1247 1717 θ,
1279 1652 1547 1703 fastidium
1586 1653 1725 1719 iuge,
1765 1669 1879 1702 ruc-

33 1731 115 1774 tus
155 1724 453 1774 conationes
492 1723 602 1773 sine
641 1722 844 1788 effectu,
882 1724 1079 1773 ventris
1118 1723 1379 1787 extensio,
1430 1721 1686 1772 stomachi
1723 1721 1878 1771 ardor

34 1810 138 1843 non
187 1791 416 1843 deerant.
516 1791 725 1860 Ingenti
774 1792 952 1860 itaque
1001 1791 1149 1843 luctu
1198 1799 1307 1843 tota
1351 1791 1628 1858 personats
1672 1790 1875 1840 domus.

33 1862 120 1912 Fit
172 1861 372 1912 sonitus
418 1860 672 1926 diversus,
718 1859 911 1912 clamor
947 1862 1140 1911 varius.
1215 1860 1425 1911 Nemini
1472 1861 1611 1911 enim
1662 1869 1877 1910 eorumg

35 1930 125 2000 qui
161 1930 379 1981 aderant
422 1929 815 1981 inlacrimabilis
855 1938 965 1981 erat
1010 1948 1071 1981 ea
1117 1929 1431 1980 calamitash.
1506 1929 1744 1980 Decem2
1783 1929 1877 1997 igi-

35 2007 120 2051 tur
163 2001 312 2050 annis
353 1999 535 2052 Ottoni
582 2008 858 2068 superstes,
909 1999 1173 2051 tricesimo
1212 2007 1263 2050 et
1299 1999 1558 2067 septimo3
1600 1998 1758 2048 annoi
1811 2016 1877 2049 ex

36 2086 139 2138 quo
176 2076 323 2138 patre
362 2067 606 2120 defuncto
644 2087 806 2137 regno
845 2069 1043 2137 potitus
1082 2077 1174 2134 est,
1220 2068 1624 2137 quadragesimo
1663 2084 1787 2119 vero
1827 2075 1878 2118 et

35 2145 221 2190 octavo
261 2157 364 2208 quo
403 2156 433 2188 a
470 2145 618 2206 patre
654 2146 906 2206 regnante
946 2155 1193 2189 coronam
1239 2145 1289 2189 et
1327 2145 1596 2206 sceptrum
1633 2143 1877 2204 regnatu-

33 2225 121 2258 rus
157 2208 377 2276 accepit,
416 2225 446 2257 a
481 2214 609 2258 natu
645 2216 818 2259 autem
856 2209 1186 2276 sexagesimo
1226 2215 1461 2272 octavo4,
1503 2206 1752 2257 deficiens
1789 2223 1876 2256 na-

33 2283 180 2328 turae
235 2277 507 2329 concessit.
593 2276 759 2344 (110.)
844 2277 1052 2328 Interea
1111 2276 1390 2344 magnifice
1456 2275 1614 2326 funus
1670 2275 1875 2342 regium

33 2344 197 2397 multo
248 2346 548 2397 divitiarum
584 2345 840 2413 regalium
877 2345 1080 2396 ambitu
1117 2354 1409 2396 accuratur.
1482 2345 1569 2395 Fit
1619 2344 1666 2394 ei
1711 2342 1875 2394 lectus

32 2413 297 2483 regalibus
333 2413 627 2483 insignibus
665 2414 966 2480 adornatus,
1016 2432 1206 2482 corpus
1254 2414 1491 2465 bissinak
1527 2420 1671 2463 veste
1709 2411 1876 2462 indui-

33 2491 118 2535 tur
173 2500 236 2534 ac
302 2483 529 2551 desuper
588 2481 727 2552 palla
780 2501 1050 2552 purpurea
1105 2483 1350 2551 gemmis¹
1412 2491 1593 2533 ornata
1641 2498 1876 2550 auroque

32 2553 234 2605 intexta
290 2552 534 2621 operitur.
614 2552 837 2603 Lectum
874 2570 1156 2621 regnorum
1215 2552 1498 2619 *primates
1555 2549 1875 2602 deferebant.

34 2621 283 2674 Preibant
318 2622 557 2691 episcopi
591 2630 642 2672 et
677 2619 844 2672 clerus
882 2639 1002 2672 cum
1030 2620 1319 2689 euangeliis
1346 2628 1396 2672 et
1422 2621 1681 2671 crucibus.
1707 2620 1876 2670 Penes

36 2709 167 2760 quos
211 2692 367 2742 etiam
425 2692 516 2759 qui
559 2690 670 2740 eius
709 2707 953 2741 coronam
992 2689 1213 2741 ferebati
1263 2689 1426 2740 multo
1466 2706 1593 2740 auro
1631 2690 1876 2757 gemmis-

36 2777 135 2830 que
181 2760 423 2829 pretiosis
468 2761 718 2811 nitentem
762 2777 880 2810 cum
919 2759 1034 2810 aliis
1069 2758 1243 2810 multis
1281 2757 1594 2826 insignibus,
1633 2756 1875 2809 eiulando

34 2828 324 2881 incedebat.
397 2827 641 2880 Funebre
689 2826 851 2879 melos
900 2828 1128 2880 lacrimis
1176 2828 1585 2897 impedientibus
1628 2829 1721 2878 vix
1758 2844 1875 2895 pro-

33 2896 310 2951 ferebatur.
382 2897 575 2950 Milites
619 2899 775 2949 etiam
822 2905 986 2949 mesto
1025 2897 1173 2949 vultu
1221 2915 1314 2948 suo
1367 2896 1548 2948 ordine
1594 2914 1876 2966 proseque-

34 2966 236 3019 bantur.
325 2966 547 3037 Reliqua
597 2984 806 3035 quoque
852 2985 1038 3019 manus
1087 2985 1206 3017 cum
1252 2966 1493 3018 lamentis
1543 2965 1874 3017 succedebat.

155 3129 192 3171 a)
218 3132 259 3162 in
285 3132 401 3171 captis
431 3132 462 3163 1.
546 3129 584 3170 b)
613 3140 649 3162 n.
678 3130 854 3161 Lauduni
890 3132 922 3163 1.
1001 3130 1034 3172 c)
1062 3140 1106 3163 eo
1134 3131 1265 3162 morbo
1293 3133 1324 3163 1.
1411 3128 1448 3170 d)
1479 3130 1518 3163 C.
1545 3131 1581 3162 d.
1608 3130 1645 3160 in
1671 3129 1749 3159 Ioco
1777 3137 1874 3161 raso,

35 3175 71 3219 e)
97 3176 362 3211 intestinorum
395 3189 444 3219 ας
482 3189 556 3211 non
593 3179 722 3210 deerat
757 3180 838 3212 add.
884 3181 915 3211 1.
1075 3178 1103 3220 f)
1140 3180 1375 3219 concrepitat
1409 3188 1587 3218 superscr.
1632 3180 1813 3217 personat
1848 3186 1875 3210 c.

34 3224 73 3306 'gg
97 3229 369 3308 {eoqoqhggerat
392 3230 424 3260 1.
526 3227 564 3269 h)
595 3228 839 3259 eaealamitas
866 3237 893 3258 c.
982 3225 1009 3267 i)
1036 3232 1113 3267 post
1141 3228 1223 3259 add.
1309 3226 1348 3267 k)
1376 3235 1568 3267 purpurea
1597 3227 1630 3257 1.
1719 3225 1745 3266 l)
1775 3234 1808 3263 g.
1840 3234 1873 3257 0.

158 3381 202 3436 1)
238 3385 346 3425 Cum
372 3384 614 3426 Virdunum
638 3385 725 3424 iam
761 3396 800 3423 a.
836 3382 937 3422 984.
973 3386 1147 3434 captum
1172 3383 1241 3430 sit,
1275 3382 1386 3422 haec
1420 3386 1571 3436 aperte
1605 3380 1718 3421 falsa
1751 3385 1872 3430 sunt3

34 3443 310 3485 V.Wilmans
355 3459 398 3498 p.
434 3444 533 3484 178.
689 3442 734 3496 2)
773 3444 843 3484 13.
983 3439 1030 3494 3)
1065 3442 1158 3483 330.
1301 3441 1348 3495 4)
1383 3456 1422 3483 a.
1457 3443 1559 3482 941.
1594 3445 1722 3482 natus
1759 3445 1869 3492 erat3

33 3501 244 3546 Richerus
279 3510 405 3560 errat,
440 3518 466 3545 a
498 3508 604 3546 nato
632 3504 861 3545 Ludovico
895 3503 971 3545 IV.
1006 3514 1262 3553 numerans;
1300 3503 1355 3544 cf.
1390 3503 1450 3553 II,
1484 3502 1526 3542 4.
1561 3502 1646 3552 ΙΙΙ,
1682 3501 1719 3541 2.

1900 1051 1981 1084 986.

1894 2559 1954 2599 ⁸p.
1984 2560 2065 2592 631.
