2240 3879
462 231 715 271 RICHERI
748 229 1161 272 HISTORIARUM
1194 229 1376 269 LIBER
1410 230 1471 270 ΙΙ.
1857 230 1910 268 77

71 367 510 435 commonendus3
574 377 624 419 et
678 376 797 437 post
852 368 1085 419 omnium
1140 365 1471 416 anathemate
1527 365 1911 435 dampnandus,

72 443 143 493 Et
195 456 300 490 non
352 436 520 489 solum
574 436 675 503 ille,
731 454 914 488 verum
964 452 1142 486 omnes
1199 435 1288 502 qui
1333 435 1381 484 ei
1427 435 1480 483 in
1534 433 1683 485 malis
1737 437 1913 487 favere

69 511 363 576 faventque.
423 505 530 558 Sed
564 506 700 558 hanc
738 504 905 556 solum
952 523 983 555 a
1017 502 1170 554 nobis
1215 503 1474 570 accipiet¹
1524 519 1695 572 opem.
1752 504 1912 555 Num-

74 577 200 647 quid
236 594 358 628 vero
398 575 465 627 ab
503 574 604 627 alio
644 576 927 644 quicquam
966 573 1080 641 opis
1118 572 1378 640 accipiet?
1437 572 1567 622 Eius
1607 575 1912 641 conquestio

71 649 128 697 in
165 663 258 697 sua
295 643 528 697 clausula
565 663 719 713 opem
758 643 992 694 omnium
1029 639 1274 709 postulat.
1351 640 1456 693 Sed
1504 642 1546 691 si
1596 658 1627 690 a
1675 642 1826 693 nobis
1866 643 1913 692 ei

72 716 403 780 succurritur,
442 733 473 765 a
499 714 690 765 domno
719 711 911 764 Ottone
936 727 1060 778 rege
1088 709 1215 778 quid
1240 709 1498 778 accipiet?
1535 710 1607 761 Et
1632 709 1915 761 decretalia

74 793 255 836 sancta
302 783 609 848 acclamant,
656 788 936 851 postquam
985 780 1205 830 tirannis
1243 779 1522 831 anathema
1560 779 1913 831 damnationis

71 852 139 905 ab
179 854 441 922 episcopis
478 853 727 903 iniectum
753 856 856 915 sest,
907 868 939 900 a
985 848 1137 899 bonis
1177 866 1386 918 quoque
1424 848 1725 916 potentibus
1764 849 1912 899 vim³

73 921 418 987 inferendam,
455 930 526 987 ut,
567 921 610 970 si
649 917 1047 970 aecclesiasticis
1087 919 1533 969 *correctionibus
1571 918 1639 970 ad
1675 936 1914 969 normam

70 992 241 1044 redire
266 991 462 1056 nolunt,
501 988 684 1040 saltem
709 988 1003 1057 potentium
1028 987 1325 1038 vehementi
1350 987 1597 1039 violentia
1623 987 1690 1039 ad
1715 987 1913 1039 bonum

71 1061 242 1113 redire
281 1067 550 1128 cogantur,
587 1065 644 1108 ut
679 1056 763 1109 vel
799 1056 975 1107 invitis
1012 1055 1153 1107 bona
1184 1059 1509 1124 prestentur’.

394 1158 473 1209 76.
532 1156 751 1209 Oratiob
791 1156 1030 1207 Ottonisb
1069 1156 1206 1224 regis
1244 1173 1340 1224 pro
1380 1155 1580 1206 eodem.

206 1243 294 1293 Ad
328 1242 456 1294 haec
490 1260 587 1293 rex
625 1239 775 1292 Otto:
850 1239 1061 1306 ‘Multa',
1100 1241 1284 1308 inquit,
1337 1245 1489 1306 ⁴sunt,
1527 1249 1720 1310 patreS,
1758 1240 1914 1292 bene-

70 1312 204 1378 ficia,
250 1328 382 1381 quae
429 1330 460 1362 a
508 1311 692 1362 vobisc
740 1309 933 1360 domno
983 1327 1046 1360 ac
1096 1309 1429 1360 serenissimo
1476 1311 1590 1378 regi
1639 1309 1912 1360 Ludovico

71 1380 264 1432 utiliter
299 1379 688 1432 accommodari
723 1378 987 1431 valebunt.
1062 1378 1276 1429 Etenim
1323 1379 1366 1428 si
1413 1378 1524 1430 eius
1571 1379 1913 1430 insectatores

71 1452 230 1502 armis
278 1449 468 1501 divinis
523 1449 862 1514 adoriamini,
919 1455 1298 1517 consequenter
1352 1456 1441 1499 aut
1493 1446 1635 1499 facili
1684 1446 1913 1499 tumultu

71 1520 262 1572 devicti
285 1519 570 1584 labascent,
597 1526 701 1583 aut,
729 1519 772 1568 si
799 1517 925 1586 quid
954 1517 1314 1586 impetendum
1339 1516 1675 1586 relinquetur,
1708 1516 1913 1568 facilius

69 1590 258 1640 nostris
295 1590 453 1640 armis
490 1586 856 1638 infirmabitur.
927 1587 1037 1637 Vos
1076 1603 1218 1654 ergO,
1255 1584 1469 1636 iubente
1519 1586 1700 1638 domni
1738 1604 1912 1655 papae

68 1658 257 1728 legate,
317 1658 477 1710 vestri
527 1656 724 1708 ordinis
781 1656 1126 1707 instrumenta
1176 1656 1406 1706 *exerite
1467 1673 1529 1706 ac
1576 1657 1708 1706 tanti
1771 1661 1913 1723 regis

70 1727 400 1779 adversarios
437 1725 782 1778 anathematis
818 1723 994 1794 gladio
1030 1723 1468 1776 transverberate.
1544 1724 1740 1777 Contra
1778 1743 1912 1793 quae

71 1798 116 1848 si
154 1798 412 1848 cervicem
449 1804 634 1865 postea
673 1796 873 1863 erigere
911 1793 1137 1857 audeant
1187 1803 1238 1844 et
1287 1793 1564 1844 dominicis
1621 1795 1911 1845 interdictis

70 1867 310 1917 resistere
355 1883 461 1917 non
506 1864 806 1928 formidant,
853 1872 1088 1914 nostrum
1138 1863 1328 1914 exinde
1375 1865 1486 1927 erit,
1535 1862 1725 1932 quibus
1774 1881 1912 1914 com-

71 1937 290 1987 missum
345 1942 423 1986 est
476 1936 531 1985 in
583 1934 683 1985 hac
737 1933 919 1984 mundi
963 1940 1112 2001 parte
1162 1940 1398 1983 sanctam
1445 1933 1552 1983 Dei
1601 1931 1912 1983 aecclesiam

70 2005 219 2071 tueri,
256 2012 314 2056 ut
349 2006 404 2055 in
439 2003 568 2055 tales
606 2021 752 2054 arma
790 2020 1074 2067 sumamus,
1112 2001 1415 2052 huiusmodi
1441 2000 1778 2052 debellemus.
1844 2001 1914 2053 Et

72 2076 117 2126 si
140 2075 425 2125 necessitas
451 2073 720 2141 adurgeat,
759 2072 949 2123 strictis
976 2070 1166 2139 gladiis
1191 2089 1358 2140 usque
1384 2070 1452 2122 ad
1477 2071 1915 2122 immanissimam

72 2144 287 2195 caedem
323 2142 795 2212 perditissimorum
832 2140 1103 2191 hominum
1129 2140 1474 2206 deseviamuS,
1513 2139 1694 2191 habita
1719 2141 1774 2190 in
1799 2138 1915 2191 illos

72 2214 387 2264 iustissimae
440 2211 814 2280 indignationis
833 2210 854 2242 ‘¹
902 2227 1075 2276 causa,
1128 2210 1269 2279 quod
1304 2207 1487 2261 illicita
1523 2209 1916 2279 aggrediantur,

74 2290 125 2333 et
160 2300 256 2351 pro
294 2280 484 2332 illicitis
522 2281 809 2346 ammoniti,
847 2296 953 2330 non
978 2279 1320 2347 corrigantur.
1375 2279 1485 2330 Vos
1511 2280 1688 2348 itaque
1713 2286 1917 2330 tantum

1931 379 2013 411 948.

1932 929 1992 972 ‘p.
2010 930 2093 963 605.

1932 1672 1943 1685 ⁸
1956 1674 2022 1706 fol.
2046 1673 2102 1706 28.

72 2353 260 2403 vestris
296 2351 533 2402 insistite.
607 2350 678 2400 Et
717 2357 838 2418 post
884 2349 1196 2399 modestiam
1245 2356 1474 2399 vestram
1524 2348 1690 2399 virtus
1739 2355 1917 2399 nostra
1988 2355 1995 2360 '

74 2422 350 2489 sequetur’.

250 2525 330 2576 77.
385 2523 628 2592 Epistola
663 2541 694 2573 a
731 2521 947 2572 sinodoe
984 2520 1053 2572 ad
1090 2521 1411 2590 Hugoneme
1450 2519 1742 2589 delegatae.

217 2608 421 2673 Quibus
460 2607 631 2673 dictis,
669 2623 795 2656 mox
833 2603 1004 2656 sinodi
1041 2604 1248 2656 decreto
1287 2604 1509 2673 epistola
1545 2604 1811 2673 descripta
1843 2612 1920 2656 est

77 2678 359 2748 palamque
395 2677 628 2742 recitata,
678 2674 813 2726 hanc
847 2673 1130 2726 verborum
1167 2674 1356 2726 seriem
1391 2682 1634 2725 tenens²:
1707 2675 1922 2726 ‘Sancta

79 2748 292 2800 sinodus
330 2748 384 2797 in
418 2745 613 2815 palatio
663 2742 977 2812 Angleheim
1025 2742 1121 2793 sub
1171 2742 1379 2794 domnis
1417 2752 1574 2811 atque
1613 2742 1919 2794 orthodoxis

78 2816 289 2886 regibus
342 2815 612 2867 Ludovico
666 2820 719 2864 et
771 2812 965 2865 Ottone
1016 2810 1211 2863 utiliter
1258 2811 1439 2864 habita
1486 2812 1703 2880 Hugoni
1759 2811 1879 2862 duci
1893 2811 1919 2863 f.

82 2887 302 2951 Quantis
339 2884 489 2935 malis
528 2890 826 2953 quantaque
854 2881 1218 2949 persecutione
1260 2882 1534 2933 vexaveris
1559 2881 1741 2932 illam&
1767 2899 1921 2933 vene-

79 2954 298 3007 rabilem
356 2954 644 3005 Remorum
692 2949 1038 3019 metropolim,
1097 2957 1292 3019 quanta
1349 2969 1558 3021 quoque
1615 2949 1921 3002 crudelitate

179 3103 215 3145 a)
242 3104 467 3137 violentiam
497 3105 527 3134 1.
635 3100 674 3142 b)
705 3101 767 3143 Or,
795 3102 854 3132 nis
882 3100 972 3131 absc.
1080 3098 1114 3139 c)
1144 3099 1253 3131 nobis
1282 3101 1315 3132 1.
1429 3098 1466 3140 d)
1495 3101 1597 3140 dign.
1627 3102 1660 3131 1.
1763 3098 1798 3140 e)
1827 3108 1849 3130 a
1876 3099 1922 3140 si,

81 3152 130 3183 ad
154 3152 401 3195 H(ugonem),
429 3156 492 3184 ata
518 3151 608 3182 absc.
706 3149 735 3190 f)
765 3151 799 3181 d.
828 3149 989 3180 salutem
1018 3149 1051 3180 1.
1153 3147 1189 3189 g)
1218 3157 1255 3180 v,
1281 3149 1307 3180 i.
1336 3150 1366 3181 1.

207 3275 251 3328 1)
295 3289 357 3317 se.
389 3274 658 3315 Ludovicus.
792 3271 839 3324 2)
882 3272 1126 3326 Epistolam
1168 3284 1270 3311 vere
1310 3273 1355 3311 in
1396 3272 1481 3312 hac
1513 3270 1682 3323 synodo
1716 3272 1924 3321 scriptam

86 3348 196 3384 esse,
217 3335 324 3376 licet
355 3349 382 3375 a
402 3334 654 3376 Flodoardo
681 3334 845 3374 mentio
874 3335 967 3373 eius
995 3332 1116 3372 nulla
1144 3331 1263 3372 faeta
1290 3332 1359 3381 sit,
1392 3336 1493 3372 acta
1519 3332 1690 3383 Legum
1718 3331 1840 3370 Tom.
1861 3331 1925 3380 II,

85 3408 129 3447 p.
163 3395 233 3434 25.
261 3397 485 3448 proposita
525 3399 763 3445 testantur3
799 3394 935 3445 igitur
978 3405 1074 3432 eam
1116 3405 1142 3431 a
1177 3392 1379 3442 Richero,
1423 3397 1525 3432 acta
1556 3389 1713 3444 synodi
1745 3391 1924 3430 Laudu-

85 3456 232 3496 nensis
258 3455 375 3509 apud
400 3455 700 3496 Flodoardum
734 3453 980 3502 evolvente‚
1012 3451 1161 3493 fictam
1189 3464 1298 3503 esse,
1322 3453 1499 3492 minime
1529 3451 1675 3491 credo.
1719 3451 1768 3490 Ρ.
1835 3449 1925 3491 Sed

88 3513 143 3554 ef.
177 3527 288 3567 quae
321 3516 601 3569 Poinsognon
637 3520 680 3556 et
710 3513 941 3555 Diimmler
970 3526 1013 3566 p.
1050 3512 1134 3552 165
1169 3525 1210 3552 n.
1241 3516 1514 3553 monuerunt.
