<?xml version="1.0" encoding="UTF-8"?>
<!DOCTYPE html PUBLIC "-//W3C//DTD XHTML 1.0 Transitional//EN"
    "http://www.w3.org/TR/xhtml1/DTD/xhtml1-transitional.dtd">
<html xmlns="http://www.w3.org/1999/xhtml" xml:lang="en" lang="en">
 <head>
  <title>
</title>
<meta http-equiv="Content-Type" content="text/html;charset=utf-8" />
  <meta name='ocr-system' content='tesseract 3.04.00' />
  <meta name='ocr-capabilities' content='ocr_page ocr_carea ocr_par ocr_line ocrx_word'/>
</head>
<body>
  <div class='ocr_page' id='page_1' title='image "./historiarumlibri00richuoft_0163.png"; bbox 0 0 2240 3879; ppageno 0'>
   <div class='ocr_carea' id='block_1_1' title="bbox 484 228 1929 270">
    <p class='ocr_par' dir='ltr' id='par_1_1' title="bbox 484 228 1929 270">
     <span class='ocr_line' id='line_1_1' title="bbox 484 228 1929 270; baseline 0 -3"><span class='ocrx_word' id='word_1_1' title='bbox 484 228 733 269; x_wconf 85' lang='lat' dir='ltr'>RICHERI</span> <span class='ocrx_word' id='word_1_2' title='bbox 767 229 1178 270; x_wconf 78' lang='lat' dir='ltr'>HISTORIARUM</span> <span class='ocrx_word' id='word_1_3' title='bbox 1210 228 1391 268; x_wconf 80' lang='lat' dir='ltr'><strong>LIBER</strong></span> <span class='ocrx_word' id='word_1_4' title='bbox 1417 229 1527 267; x_wconf 92' lang='lat' dir='ltr'>IIII.</span> <span class='ocrx_word' id='word_1_5' title='bbox 1847 229 1929 268; x_wconf 85' lang='lat'>145</span> 
     </span>
    </p>
   </div>
   <div class='ocr_carea' id='block_1_2' title="bbox 85 363 2118 2647">
    <p class='ocr_par' dir='ltr' id='par_1_2' title="bbox 91 363 2029 986">
     <span class='ocr_line' id='line_1_2' title="bbox 95 363 2029 435; baseline -0.001 -19"><span class='ocrx_word' id='word_1_6' title='bbox 95 371 303 429; x_wconf 90' lang='lat' dir='ltr'>starent,</span> <span class='ocrx_word' id='word_1_7' title='bbox 343 381 460 414; x_wconf 88' lang='lat' dir='ltr'>cum</span> <span class='ocrx_word' id='word_1_8' title='bbox 497 364 659 416; x_wconf 89' lang='lat' dir='ltr'>multa</span> <span class='ocrx_word' id='word_1_9' title='bbox 697 365 861 435; x_wconf 90' lang='lat' dir='ltr'>gloria</span> <span class='ocrx_word' id='word_1_10' title='bbox 899 375 948 417; x_wconf 91' lang='lat' dir='ltr'>et</span> <span class='ocrx_word' id='word_1_11' title='bbox 984 365 1123 415; x_wconf 89' lang='lat' dir='ltr'>fama</span> <span class='ocrx_word' id='word_1_12' title='bbox 1171 365 1444 415; x_wconf 81' lang='lat' dir='ltr'>victoriam</span> <span class='ocrx_word' id='word_1_13' title='bbox 1482 365 1534 413; x_wconf 89' lang='lat' dir='ltr'>in</span> <span class='ocrx_word' id='word_1_14' title='bbox 1579 363 1724 415; x_wconf 76' lang='lat' dir='ltr'>brevi</span> <span class='ocrx_word' id='word_1_15' title='bbox 1772 365 1928 433; x_wconf 90' lang='lat' dir='ltr'>adep-</span> <span class='ocrx_word' id='word_1_16' title='bbox 1947 379 2029 411; x_wconf 79' lang='lat'>990.</span> 
     </span>
     <span class='ocr_line' id='line_1_3' title="bbox 94 431 1928 502; baseline -0.001 -17"><span class='ocrx_word' id='word_1_17' title='bbox 94 442 252 485; x_wconf 79' lang='lat' dir='ltr'>turos.</span> <span class='ocrx_word' id='word_1_18' title='bbox 326 434 584 485; x_wconf 79' lang='lat' dir='ltr'>Processit</span> <span class='ocrx_word' id='word_1_19' title='bbox 619 436 877 486; x_wconf 82' lang='lat' dir='ltr'>exercitus</span> <span class='ocrx_word' id='word_1_20' title='bbox 926 442 1167 502; x_wconf 88' lang='lat' dir='ltr'>uterque,</span> <span class='ocrx_word' id='word_1_21' title='bbox 1219 433 1385 483; x_wconf 87' lang='lat' dir='ltr'>donec</span> <span class='ocrx_word' id='word_1_22' title='bbox 1433 431 1561 483; x_wconf 90' lang='lat' dir='ltr'>alter</span> <span class='ocrx_word' id='word_1_23' title='bbox 1608 433 1825 484; x_wconf 88' lang='lat' dir='ltr'>alterum</span> <span class='ocrx_word' id='word_1_24' title='bbox 1874 436 1928 484; x_wconf 89' lang='lat' dir='ltr'>in</span> 
     </span>
     <span class='ocr_line' id='line_1_4' title="bbox 95 500 1927 572; baseline 0 -18"><span class='ocrx_word' id='word_1_25' title='bbox 95 510 378 572; x_wconf 87' lang='lat' dir='ltr'>prospectu</span> <span class='ocrx_word' id='word_1_26' title='bbox 412 502 641 554; x_wconf 89' lang='lat' dir='ltr'>haberet.</span> <span class='ocrx_word' id='word_1_27' title='bbox 713 504 783 555; x_wconf 85' lang='lat' dir='ltr'>Et</span> <span class='ocrx_word' id='word_1_28' title='bbox 818 505 892 554; x_wconf 91' lang='lat' dir='ltr'>sic</span> <span class='ocrx_word' id='word_1_29' title='bbox 929 511 1144 570; x_wconf 89' lang='lat' dir='ltr'>uterque</span> <span class='ocrx_word' id='word_1_30' title='bbox 1181 501 1317 552; x_wconf 80' lang='lat' dir='ltr'>fixus</span> <span class='ocrx_word' id='word_1_31' title='bbox 1356 500 1582 552; x_wconf 77' lang='lat' dir='ltr'>herebat.</span> <span class='ocrx_word' id='word_1_32' title='bbox 1652 502 1927 571; x_wconf 82' lang='lat' dir='ltr'>Utrimque</span> 
     </span>
     <span class='ocr_line' id='line_1_5' title="bbox 94 569 1925 635; baseline 0 -13"><span class='ocrx_word' id='word_1_33' title='bbox 94 589 201 622; x_wconf 89' lang='lat' dir='ltr'>non</span> <span class='ocrx_word' id='word_1_34' title='bbox 243 572 574 623; x_wconf 77' lang='lat' dir='ltr'>mediocriter</span> <span class='ocrx_word' id='word_1_35' title='bbox 622 572 914 623; x_wconf 80' lang='lat' dir='ltr'>dubitatum</span> <span class='ocrx_word' id='word_1_36' title='bbox 965 579 1063 635; x_wconf 93' lang='lat' dir='ltr'>est,</span> <span class='ocrx_word' id='word_1_37' title='bbox 1124 589 1244 622; x_wconf 91' lang='lat' dir='ltr'>cum</span> <span class='ocrx_word' id='word_1_38' title='bbox 1292 569 1518 621; x_wconf 86' lang='lat' dir='ltr'>Karolus</span> <span class='ocrx_word' id='word_1_39' title='bbox 1569 571 1645 620; x_wconf 90' lang='lat' dir='ltr'>rei</span> <span class='ocrx_word' id='word_1_40' title='bbox 1689 570 1925 622; x_wconf 83' lang='lat' dir='ltr'>militaris</span> 
     </span>
     <span class='ocr_line' id='line_1_6' title="bbox 93 638 1926 710; baseline -0.001 -19"><span class='ocrx_word' id='word_1_41' title='bbox 93 641 325 709; x_wconf 87' lang='lat' dir='ltr'>inopiam</span> <span class='ocrx_word' id='word_1_42' title='bbox 360 639 589 706; x_wconf 88' lang='lat' dir='ltr'>haberet,</span> <span class='ocrx_word' id='word_1_43' title='bbox 634 660 810 710; x_wconf 90' lang='lat' dir='ltr'>regem</span> <span class='ocrx_word' id='word_1_44' title='bbox 846 658 968 691; x_wconf 80' lang='lat' dir='ltr'>vero</span> <span class='ocrx_word' id='word_1_45' title='bbox 1018 641 1222 690; x_wconf 90' lang='lat' dir='ltr'>animus</span> <span class='ocrx_word' id='word_1_46' title='bbox 1270 641 1349 690; x_wconf 90' lang='lat' dir='ltr'>sui</span> <span class='ocrx_word' id='word_1_47' title='bbox 1396 638 1639 690; x_wconf 88' lang='lat' dir='ltr'>facinoris</span> <span class='ocrx_word' id='word_1_48' title='bbox 1689 641 1926 690; x_wconf 85' lang='lat' dir='ltr'>conscius</span> 
     </span>
     <span class='ocr_line' id='line_1_7' title="bbox 95 708 1926 778; baseline -0.001 -18"><span class='ocrx_word' id='word_1_49' title='bbox 95 717 275 761; x_wconf 90' lang='lat' dir='ltr'>contra</span> <span class='ocrx_word' id='word_1_50' title='bbox 322 710 401 760; x_wconf 89' lang='lat' dir='ltr'>ius</span> <span class='ocrx_word' id='word_1_51' title='bbox 452 719 640 778; x_wconf 83' lang='lat' dir='ltr'>agerea</span> <span class='ocrx_word' id='word_1_52' title='bbox 687 718 947 777; x_wconf 86' lang='lat' dir='ltr'>argueret,</span> <span class='ocrx_word' id='word_1_53' title='bbox 1000 726 1117 759; x_wconf 92' lang='lat' dir='ltr'>cum</span> <span class='ocrx_word' id='word_1_54' title='bbox 1163 708 1417 759; x_wconf 87' lang='lat' dir='ltr'>Karolum</span> <span class='ocrx_word' id='word_1_55' title='bbox 1467 716 1683 777; x_wconf 87' lang='lat' dir='ltr'>paterno</span> <span class='ocrx_word' id='word_1_56' title='bbox 1732 708 1926 759; x_wconf 84' lang='lat' dir='ltr'>honore</span> 
     </span>
     <span class='ocr_line' id='line_1_8' title="bbox 95 777 1926 848; baseline -0.001 -18"><span class='ocrx_word' id='word_1_57' title='bbox 95 779 395 848; x_wconf 82' lang='lat' dir='ltr'>spoliaverit</span> <span class='ocrx_word' id='word_1_58' title='bbox 431 787 584 848; x_wconf 90' lang='lat' dir='ltr'>atque</span> <span class='ocrx_word' id='word_1_59' title='bbox 630 781 776 847; x_wconf 89' lang='lat' dir='ltr'>regni</span> <span class='ocrx_word' id='word_1_60' title='bbox 812 780 926 829; x_wconf 88' lang='lat' dir='ltr'>iura</span> <span class='ocrx_word' id='word_1_61' title='bbox 963 779 1017 828; x_wconf 90' lang='lat' dir='ltr'>in</span> <span class='ocrx_word' id='word_1_62' title='bbox 1063 797 1173 829; x_wconf 92' lang='lat' dir='ltr'>sese</span> <span class='ocrx_word' id='word_1_63' title='bbox 1222 777 1573 829; x_wconf 77' lang='lat' dir='ltr'>transfuderit.</span> <span class='ocrx_word' id='word_1_64' title='bbox 1645 778 1744 828; x_wconf 86' lang='lat' dir='ltr'>His</span> <span class='ocrx_word' id='word_1_65' title='bbox 1792 786 1926 829; x_wconf 89' lang='lat' dir='ltr'>uter-</span> 
     </span>
     <span class='ocr_line' id='line_1_9' title="bbox 94 848 1926 917; baseline -0.001 -19"><span class='ocrx_word' id='word_1_66' title='bbox 94 867 196 917; x_wconf 88' lang='lat' dir='ltr'>que</span> <span class='ocrx_word' id='word_1_67' title='bbox 232 848 416 899; x_wconf 87' lang='lat' dir='ltr'>herens</span> <span class='ocrx_word' id='word_1_68' title='bbox 454 848 778 917; x_wconf 81' lang='lat' dir='ltr'>persistebat.</span> <span class='ocrx_word' id='word_1_69' title='bbox 851 848 1086 898; x_wconf 80' lang='lat' dir='ltr'>Tandem</span> <span class='ocrx_word' id='word_1_70' title='bbox 1134 848 1332 898; x_wconf 88' lang='lat' dir='ltr'>ratione</span> <span class='ocrx_word' id='word_1_71' title='bbox 1383 865 1613 916; x_wconf 87' lang='lat' dir='ltr'>congrua</span> <span class='ocrx_word' id='word_1_72' title='bbox 1661 867 1690 898; x_wconf 91' lang='lat' dir='ltr'>a</span> <span class='ocrx_word' id='word_1_73' title='bbox 1735 848 1926 916; x_wconf 89' lang='lat' dir='ltr'>prima-</span> 
     </span>
     <span class='ocr_line' id='line_1_10' title="bbox 91 916 1923 986; baseline -0.002 -17"><span class='ocrx_word' id='word_1_74' title='bbox 91 917 231 969; x_wconf 83' lang='lat' dir='ltr'>tibus</span> <span class='ocrx_word' id='word_1_75' title='bbox 251 919 394 986; x_wconf 73' lang='lat' dir='ltr'>regib</span> <span class='ocrx_word' id='word_1_76' title='bbox 422 924 724 986; x_wconf 87' lang='lat' dir='ltr'>suggestum</span> <span class='ocrx_word' id='word_1_77' title='bbox 750 924 839 983; x_wconf 85' lang='lat' dir='ltr'>est,</span> <span class='ocrx_word' id='word_1_78' title='bbox 867 916 1239 986; x_wconf 83' lang='lat' dir='ltr'>aliquantisper</span> <span class='ocrx_word' id='word_1_79' title='bbox 1255 934 1372 967; x_wconf 92' lang='lat' dir='ltr'>cum</span> <span class='ocrx_word' id='word_1_80' title='bbox 1399 919 1633 968; x_wconf 78' lang='lat' dir='ltr'>exercitu</span> <span class='ocrx_word' id='word_1_81' title='bbox 1659 916 1923 982; x_wconf 78' lang='lat' dir='ltr'>standum;</span> 
     </span>
    </p>

    <p class='ocr_par' dir='ltr' id='par_1_3' title="bbox 90 984 2118 1331">
     <span class='ocr_line' id='line_1_11' title="bbox 94 984 2118 1052; baseline -0 -15"><span class='ocrx_word' id='word_1_82' title='bbox 94 988 138 1037; x_wconf 90' lang='lat' dir='ltr'>si</span> <span class='ocrx_word' id='word_1_83' title='bbox 199 987 360 1038; x_wconf 90' lang='lat' dir='ltr'>hostis</span> <span class='ocrx_word' id='word_1_84' title='bbox 408 986 734 1051; x_wconf 81' lang='lat' dir='ltr'>adventaret,</span> <span class='ocrx_word' id='word_1_85' title='bbox 791 987 1114 1036; x_wconf 83' lang='lat' dir='ltr'>*comminus</span> <span class='ocrx_word' id='word_1_86' title='bbox 1165 985 1629 1052; x_wconf 71' lang='lat' dir='ltr'>congrediendum,</span> <span class='ocrx_word' id='word_1_87' title='bbox 1670 987 1711 1036; x_wconf 87' lang='lat' dir='ltr'>si</span> <span class='ocrx_word' id='word_1_88' title='bbox 1756 984 2118 1036; x_wconf 79' lang='lat' dir='ltr'>nullus‘fol-46‘-</span> 
     </span>
     <span class='ocr_line' id='line_1_12' title="bbox 90 1054 1923 1120; baseline -0.001 -14"><span class='ocrx_word' id='word_1_89' title='bbox 90 1055 371 1120; x_wconf 71' lang='lat' dir='ltr'>lacessiret,</span> <span class='ocrx_word' id='word_1_90' title='bbox 422 1074 539 1106; x_wconf 90' lang='lat' dir='ltr'>cum</span> <span class='ocrx_word' id='word_1_91' title='bbox 582 1056 813 1106; x_wconf 78' lang='lat' dir='ltr'>exercitu</span> <span class='ocrx_word' id='word_1_92' title='bbox 854 1055 1191 1107; x_wconf 89' lang='lat' dir='ltr'>redeundum.</span> <span class='ocrx_word' id='word_1_93' title='bbox 1274 1055 1383 1106; x_wconf 77' lang='lat' dir='ltr'>Nec</span> <span class='ocrx_word' id='word_1_94' title='bbox 1428 1056 1597 1105; x_wconf 91' lang='lat' dir='ltr'>minus</span> <span class='ocrx_word' id='word_1_95' title='bbox 1648 1074 1678 1105; x_wconf 90' lang='lat' dir='ltr'>a</span> <span class='ocrx_word' id='word_1_96' title='bbox 1725 1054 1923 1105; x_wconf 88' lang='lat' dir='ltr'>Karolo</span> 
     </span>
     <span class='ocr_line' id='line_1_13' title="bbox 92 1124 1923 1193; baseline -0.001 -18"><span class='ocrx_word' id='word_1_97' title='bbox 92 1125 232 1177; x_wconf 89' lang='lat' dir='ltr'>idem</span> <span class='ocrx_word' id='word_1_98' title='bbox 287 1124 627 1176; x_wconf 90' lang='lat' dir='ltr'>deliberatum</span> <span class='ocrx_word' id='word_1_99' title='bbox 681 1124 793 1175; x_wconf 86' lang='lat' dir='ltr'>fuit.</span> <span class='ocrx_word' id='word_1_100' title='bbox 866 1124 1036 1189; x_wconf 85' lang='lat' dir='ltr'>Unde,</span> <span class='ocrx_word' id='word_1_101' title='bbox 1092 1125 1212 1193; x_wconf 88' lang='lat' dir='ltr'>quia</span> <span class='ocrx_word' id='word_1_102' title='bbox 1251 1133 1468 1191; x_wconf 85' lang='lat' dir='ltr'>uterque</span> <span class='ocrx_word' id='word_1_103' title='bbox 1507 1124 1749 1188; x_wconf 86' lang='lat' dir='ltr'>constitit,</span> <span class='ocrx_word' id='word_1_104' title='bbox 1788 1132 1923 1174; x_wconf 85' lang='lat' dir='ltr'>uter-</span> 
     </span>
     <span class='ocr_line' id='line_1_14' title="bbox 91 1193 1925 1263; baseline -0.001 -18"><span class='ocrx_word' id='word_1_105' title='bbox 91 1212 194 1263; x_wconf 86' lang='lat' dir='ltr'>que</span> <span class='ocrx_word' id='word_1_106' title='bbox 233 1195 331 1245; x_wconf 87' lang='lat' dir='ltr'>sibi</span> <span class='ocrx_word' id='word_1_107' title='bbox 369 1194 537 1246; x_wconf 87' lang='lat' dir='ltr'>cessit.</span> <span class='ocrx_word' id='word_1_108' title='bbox 599 1194 715 1244; x_wconf 77' lang='lat' dir='ltr'>Rex</span> <span class='ocrx_word' id='word_1_109' title='bbox 758 1195 1043 1245; x_wconf 78' lang='lat' dir='ltr'>exercitum</span> <span class='ocrx_word' id='word_1_110' title='bbox 1079 1195 1311 1259; x_wconf 70' lang='lat' dir='ltr'>reduxit,</span> <span class='ocrx_word' id='word_1_111' title='bbox 1356 1193 1581 1244; x_wconf 84' lang='lat' dir='ltr'>Karolus</span> <span class='ocrx_word' id='word_1_112' title='bbox 1620 1210 1745 1244; x_wconf 73' lang='lat' dir='ltr'>vero</span> <span class='ocrx_word' id='word_1_113' title='bbox 1784 1193 1925 1244; x_wconf 90' lang='lat' dir='ltr'>Lau-</span> 
     </span>
     <span class='ocr_line' id='line_1_15' title="bbox 90 1263 620 1331; baseline -0.004 -16"><span class='ocrx_word' id='word_1_114' title='bbox 90 1265 220 1315; x_wconf 83' lang='lat' dir='ltr'>duni</span> <span class='ocrx_word' id='word_1_115' title='bbox 258 1282 370 1315; x_wconf 90' lang='lat' dir='ltr'>sese</span> <span class='ocrx_word' id='word_1_116' title='bbox 407 1263 620 1331; x_wconf 90' lang='lat' dir='ltr'>recepit.</span> 
     </span>
    </p>

    <p class='ocr_par' dir='ltr' id='par_1_4' title="bbox 85 1330 2116 2647">
     <span class='ocr_line' id='line_1_16' title="bbox 229 1330 2116 1400; baseline -0.002 -17"><span class='ocrx_word' id='word_1_117' title='bbox 229 1333 312 1383; x_wconf 85' lang='lat'>40.</span> <span class='ocrx_word' id='word_1_118' title='bbox 387 1332 537 1384; x_wconf 82' lang='lat' dir='ltr'>*Odo</span> <span class='ocrx_word' id='word_1_119' title='bbox 554 1333 617 1395; x_wconf 51' lang='grc' dir='ltr'>Ψ,</span> <span class='ocrx_word' id='word_1_120' title='bbox 654 1333 848 1384; x_wconf 86' lang='lat' dir='ltr'>interea</span> <span class='ocrx_word' id='word_1_121' title='bbox 888 1333 1219 1384; x_wconf 85' lang='lat' dir='ltr'>Drocaruml</span> <span class='ocrx_word' id='word_1_122' title='bbox 1271 1332 1515 1400; x_wconf 90' lang='lat' dir='ltr'>cupidus,</span> <span class='ocrx_word' id='word_1_123' title='bbox 1572 1332 1635 1383; x_wconf 89' lang='lat' dir='ltr'>de</span> <span class='ocrx_word' id='word_1_124' title='bbox 1685 1330 2116 1382; x_wconf 73' lang='lat' dir='ltr'>Lauduni‘f01·4⁷·</span> 
     </span>
     <span class='ocr_line' id='line_1_17' title="bbox 93 1400 1924 1470; baseline -0.002 -17"><span class='ocrx_word' id='word_1_125' title='bbox 93 1403 333 1470; x_wconf 86' lang='lat' dir='ltr'>captione</span> <span class='ocrx_word' id='word_1_126' title='bbox 401 1420 512 1453; x_wconf 87' lang='lat' dir='ltr'>sese</span> <span class='ocrx_word' id='word_1_127' title='bbox 575 1400 857 1470; x_wconf 90' lang='lat' dir='ltr'>plurimum</span> <span class='ocrx_word' id='word_1_128' title='bbox 918 1402 1153 1453; x_wconf 85' lang='lat' dir='ltr'>diffidere</span> <span class='ocrx_word' id='word_1_129' title='bbox 1213 1402 1355 1470; x_wconf 87' lang='lat' dir='ltr'>apud</span> <span class='ocrx_word' id='word_1_130' title='bbox 1414 1411 1624 1469; x_wconf 77' lang='lat' dir='ltr'>regem²</span> <span class='ocrx_word' id='word_1_131' title='bbox 1686 1400 1924 1451; x_wconf 87' lang='lat' dir='ltr'>simulate</span> 
     </span>
     <span class='ocr_line' id='line_1_18' title="bbox 95 1469 1925 1541; baseline -0.001 -19"><span class='ocrx_word' id='word_1_132' title='bbox 95 1471 424 1541; x_wconf 70' lang='lat' dir='ltr'>querebatur,</span> <span class='ocrx_word' id='word_1_133' title='bbox 464 1489 583 1521; x_wconf 90' lang='lat' dir='ltr'>cum</span> <span class='ocrx_word' id='word_1_134' title='bbox 617 1472 750 1523; x_wconf 89' lang='lat' dir='ltr'>aries</span> <span class='ocrx_word' id='word_1_135' title='bbox 788 1473 999 1522; x_wconf 89' lang='lat' dir='ltr'>cesserit</span> <span class='ocrx_word' id='word_1_136' title='bbox 1036 1471 1329 1540; x_wconf 82' lang='lat' dir='ltr'>militesque</span> <span class='ocrx_word' id='word_1_137' title='bbox 1355 1471 1554 1522; x_wconf 72' lang='lat' dir='ltr'>viribus</span> <span class='ocrx_word' id='word_1_138' title='bbox 1582 1469 1877 1521; x_wconf 88' lang='lat' dir='ltr'>diffiderent</span> <span class='ocrx_word' id='word_1_139' title='bbox 1891 1480 1925 1534; x_wconf 79' lang='lat'>⁰,</span> 
     </span>
     <span class='ocr_line' id='line_1_19' title="bbox 92 1539 1928 1608; baseline -0.001 -17"><span class='ocrx_word' id='word_1_140' title='bbox 92 1542 253 1591; x_wconf 88' lang='lat' dir='ltr'>immo</span> <span class='ocrx_word' id='word_1_141' title='bbox 291 1541 446 1591; x_wconf 84' lang='lat' dir='ltr'>etiam</span> <span class='ocrx_word' id='word_1_142' title='bbox 482 1540 607 1590; x_wconf 90' lang='lat' dir='ltr'>urbs</span> <span class='ocrx_word' id='word_1_143' title='bbox 652 1541 763 1608; x_wconf 88' lang='lat' dir='ltr'>ipsa</span> <span class='ocrx_word' id='word_1_144' title='bbox 812 1540 1160 1592; x_wconf 88' lang='lat' dir='ltr'>inaccessibili</span> <span class='ocrx_word' id='word_1_145' title='bbox 1197 1542 1298 1591; x_wconf 88' lang='lat' dir='ltr'>situ</span> <span class='ocrx_word' id='word_1_146' title='bbox 1336 1539 1626 1591; x_wconf 88' lang='lat' dir='ltr'>obnitentes</span> <span class='ocrx_word' id='word_1_147' title='bbox 1664 1548 1928 1608; x_wconf 88' lang='lat' dir='ltr'>contemp-</span> 
     </span>
     <span class='ocr_line' id='line_1_20' title="bbox 91 1609 1927 1678; baseline -0.001 -18"><span class='ocrx_word' id='word_1_148' title='bbox 91 1617 196 1660; x_wconf 88' lang='lat' dir='ltr'>nat.</span> <span class='ocrx_word' id='word_1_149' title='bbox 235 1611 351 1661; x_wconf 75' lang='lat' dir='ltr'>Rex</span> <span class='ocrx_word' id='word_1_150' title='bbox 369 1627 570 1660; x_wconf 91' lang='lat' dir='ltr'>merore</span> <span class='ocrx_word' id='word_1_151' title='bbox 594 1610 873 1674; x_wconf 85' lang='lat' dir='ltr'>confectus,</span> <span class='ocrx_word' id='word_1_152' title='bbox 895 1609 960 1661; x_wconf 91' lang='lat' dir='ltr'>ab</span> <span class='ocrx_word' id='word_1_153' title='bbox 977 1610 1163 1662; x_wconf 88' lang='lat' dir='ltr'>Odone</span> <span class='ocrx_word' id='word_1_154' title='bbox 1185 1609 1420 1660; x_wconf 87' lang='lat' dir='ltr'>subsidia</span> <span class='ocrx_word' id='word_1_155' title='bbox 1439 1610 1588 1678; x_wconf 66' lang='lat' dir='ltr'>petit,</span> <span class='ocrx_word' id='word_1_156' title='bbox 1619 1627 1728 1659; x_wconf 85' lang='lat' dir='ltr'>sese</span> <span class='ocrx_word' id='word_1_157' title='bbox 1756 1609 1927 1659; x_wconf 76' lang='lat' dir='ltr'>vicem</span> 
     </span>
     <span class='ocr_line' id='line_1_21' title="bbox 90 1677 1927 1748; baseline -0.001 -19"><span class='ocrx_word' id='word_1_158' title='bbox 90 1686 625 1747; x_wconf 79' lang='lat' dir='ltr'>recompensaturum,</span> <span class='ocrx_word' id='word_1_159' title='bbox 665 1681 706 1730; x_wconf 91' lang='lat' dir='ltr'>si</span> <span class='ocrx_word' id='word_1_160' title='bbox 739 1681 917 1748; x_wconf 87' lang='lat' dir='ltr'>copias</span> <span class='ocrx_word' id='word_1_161' title='bbox 945 1679 1243 1747; x_wconf 85' lang='lat' dir='ltr'>suppeditet</span> <span class='ocrx_word' id='word_1_162' title='bbox 1279 1686 1328 1730; x_wconf 91' lang='lat' dir='ltr'>et</span> <span class='ocrx_word' id='word_1_163' title='bbox 1361 1678 1428 1730; x_wconf 87' lang='lat' dir='ltr'>ad</span> <span class='ocrx_word' id='word_1_164' title='bbox 1462 1680 1719 1747; x_wconf 88' lang='lat' dir='ltr'>integrum</span> <span class='ocrx_word' id='word_1_165' title='bbox 1743 1677 1927 1729; x_wconf 90' lang='lat' dir='ltr'>urbem</span> 
     </span>
     <span class='ocr_line' id='line_1_22' title="bbox 91 1746 1928 1817; baseline -0.002 -18"><span class='ocrx_word' id='word_1_166' title='bbox 91 1756 386 1817; x_wconf 81' lang='lat' dir='ltr'>expugnet3</span> <span class='ocrx_word' id='word_1_167' title='bbox 440 1748 579 1816; x_wconf 88' lang='lat' dir='ltr'>quod</span> <span class='ocrx_word' id='word_1_168' title='bbox 617 1749 660 1799; x_wconf 89' lang='lat' dir='ltr'>si</span> <span class='ocrx_word' id='word_1_169' title='bbox 696 1749 1129 1816; x_wconf 85' lang='lat' dir='ltr'>inpresentiarum</span> <span class='ocrx_word' id='word_1_170' title='bbox 1173 1747 1370 1817; x_wconf 85' lang='lat' dir='ltr'>aliquid</span> <span class='ocrx_word' id='word_1_171' title='bbox 1417 1747 1557 1816; x_wconf 84' lang='lat' dir='ltr'>quod</span> <span class='ocrx_word' id='word_1_172' title='bbox 1600 1746 1928 1813; x_wconf 85' lang='lat' dir='ltr'>largiendum</span> 
     </span>
     <span class='ocr_line' id='line_1_23' title="bbox 91 1815 1925 1886; baseline -0.001 -18"><span class='ocrx_word' id='word_1_173' title='bbox 91 1818 156 1868; x_wconf 92' lang='lat' dir='ltr'>sit</span> <span class='ocrx_word' id='word_1_174' title='bbox 174 1825 330 1886; x_wconf 89' lang='lat' dir='ltr'>petat,</span> <span class='ocrx_word' id='word_1_175' title='bbox 350 1820 459 1868; x_wconf 90' lang='lat' dir='ltr'>sine</span> <span class='ocrx_word' id='word_1_176' title='bbox 498 1817 656 1868; x_wconf 89' lang='lat' dir='ltr'>dubio</span> <span class='ocrx_word' id='word_1_177' title='bbox 684 1836 795 1868; x_wconf 86' lang='lat' dir='ltr'>sese</span> <span class='ocrx_word' id='word_1_178' title='bbox 820 1817 1102 1870; x_wconf 87' lang='lat' dir='ltr'>liberaliter</span> <span class='ocrx_word' id='word_1_179' title='bbox 1127 1818 1496 1869; x_wconf 78' lang='lat' dir='ltr'>exhibiturum.</span> <span class='ocrx_word' id='word_1_180' title='bbox 1538 1815 1654 1867; x_wconf 88' lang='lat' dir='ltr'>Odo</span> <span class='ocrx_word' id='word_1_181' title='bbox 1682 1815 1925 1866; x_wconf 90' lang='lat' dir='ltr'>Lauduni</span> 
     </span>
     <span class='ocr_line' id='line_1_24' title="bbox 88 1884 1928 1956; baseline -0.001 -19"><span class='ocrx_word' id='word_1_182' title='bbox 88 1888 523 1956; x_wconf 73' lang='lat' dir='ltr'>&#39;inpugnationem</span> <span class='ocrx_word' id='word_1_183' title='bbox 560 1886 814 1955; x_wconf 88' lang='lat' dir='ltr'>simulque</span> <span class='ocrx_word' id='word_1_184' title='bbox 854 1895 903 1938; x_wconf 91' lang='lat' dir='ltr'>et</span> <span class='ocrx_word' id='word_1_185' title='bbox 940 1889 1233 1955; x_wconf 87' lang='lat' dir='ltr'>captionem</span> <span class='ocrx_word' id='word_1_186' title='bbox 1270 1888 1324 1937; x_wconf 90' lang='lat' dir='ltr'>in</span> <span class='ocrx_word' id='word_1_187' title='bbox 1360 1887 1602 1955; x_wconf 74' lang='lat' dir='ltr'>proximo</span> <span class='ocrx_word' id='word_1_188' title='bbox 1640 1884 1928 1954; x_wconf 89' lang='lat' dir='ltr'>pollicetur,</span> 
     </span>
     <span class='ocr_line' id='line_1_25' title="bbox 91 1954 1928 2025; baseline -0.001 -19"><span class='ocrx_word' id='word_1_189' title='bbox 91 1957 138 2006; x_wconf 89' lang='lat' dir='ltr'>si</span> <span class='ocrx_word' id='word_1_190' title='bbox 184 1964 386 2007; x_wconf 87' lang='lat' dir='ltr'>tantum</span> <span class='ocrx_word' id='word_1_191' title='bbox 431 1974 462 2005; x_wconf 91' lang='lat' dir='ltr'>a</span> <span class='ocrx_word' id='word_1_192' title='bbox 506 1974 629 2024; x_wconf 84' lang='lat' dir='ltr'>rege</span> <span class='ocrx_word' id='word_1_193' title='bbox 677 1956 881 2007; x_wconf 89' lang='lat' dir='ltr'>Drocas</span> <span class='ocrx_word' id='word_1_194' title='bbox 928 1958 1168 2025; x_wconf 86' lang='lat' dir='ltr'>accipiat.</span> <span class='ocrx_word' id='word_1_195' title='bbox 1253 1956 1369 2006; x_wconf 72' lang='lat' dir='ltr'>Rex</span> <span class='ocrx_word' id='word_1_196' title='bbox 1412 1954 1657 2005; x_wconf 72' lang='lat' dir='ltr'>vincendi</span> <span class='ocrx_word' id='word_1_197' title='bbox 1705 1954 1928 2023; x_wconf 82' lang='lat' dir='ltr'>gloriam</span> 
     </span>
     <span class='ocr_line' id='line_1_26' title="bbox 90 2023 1926 2094; baseline 0 -19"><span class='ocrx_word' id='word_1_198' title='bbox 90 2026 320 2094; x_wconf 88' lang='lat' dir='ltr'>cupiens,</span> <span class='ocrx_word' id='word_1_199' title='bbox 357 2026 555 2093; x_wconf 87' lang='lat' dir='ltr'>petenti</span> <span class='ocrx_word' id='word_1_200' title='bbox 591 2033 816 2075; x_wconf 86' lang='lat' dir='ltr'>castrum</span> <span class='ocrx_word' id='word_1_201' title='bbox 842 2025 1221 2076; x_wconf 88' lang='lat' dir='ltr'>accommodat.</span> <span class='ocrx_word' id='word_1_202' title='bbox 1286 2024 1468 2076; x_wconf 90' lang='lat' dir='ltr'>Palam</span> <span class='ocrx_word' id='word_1_203' title='bbox 1496 2024 1736 2075; x_wconf 90' lang='lat' dir='ltr'>omnibus</span> <span class='ocrx_word' id='word_1_204' title='bbox 1776 2023 1926 2089; x_wconf 87' lang='lat' dir='ltr'>cedit,</span> 
     </span>
     <span class='ocr_line' id='line_1_27' title="bbox 90 2093 1927 2163; baseline -0.001 -19"><span class='ocrx_word' id='word_1_205' title='bbox 90 2095 496 2162; x_wconf 88' lang='lat' dir='ltr'>promissionum</span> <span class='ocrx_word' id='word_1_206' title='bbox 543 2094 607 2145; x_wconf 90' lang='lat' dir='ltr'>de</span> <span class='ocrx_word' id='word_1_207' title='bbox 652 2094 908 2145; x_wconf 90' lang='lat' dir='ltr'>Lauduno</span> <span class='ocrx_word' id='word_1_208' title='bbox 959 2094 1213 2146; x_wconf 88' lang='lat' dir='ltr'>credulus.</span> <span class='ocrx_word' id='word_1_209' title='bbox 1311 2094 1427 2146; x_wconf 88' lang='lat' dir='ltr'>Odo</span> <span class='ocrx_word' id='word_1_210' title='bbox 1481 2111 1685 2163; x_wconf 85' lang='lat' dir='ltr'>quoque</span> <span class='ocrx_word' id='word_1_211' title='bbox 1743 2093 1927 2144; x_wconf 88' lang='lat' dir='ltr'>urbem</span> 
     </span>
     <span class='ocr_line' id='line_1_28' title="bbox 90 2163 1926 2232; baseline -0.001 -18"><span class='ocrx_word' id='word_1_212' title='bbox 90 2164 339 2214; x_wconf 88' lang='lat' dir='ltr'>amissam</span> <span class='ocrx_word' id='word_1_213' title='bbox 383 2164 438 2213; x_wconf 90' lang='lat' dir='ltr'>in</span> <span class='ocrx_word' id='word_1_214' title='bbox 471 2163 621 2214; x_wconf 82' lang='lat' dir='ltr'>brevi</span> <span class='ocrx_word' id='word_1_215' title='bbox 666 2182 777 2215; x_wconf 90' lang='lat' dir='ltr'>sese</span> <span class='ocrx_word' id='word_1_216' title='bbox 825 2163 1151 2216; x_wconf 90' lang='lat' dir='ltr'>redditurum</span> <span class='ocrx_word' id='word_1_217' title='bbox 1195 2163 1370 2232; x_wconf 91' lang='lat' dir='ltr'>palam</span> <span class='ocrx_word' id='word_1_218' title='bbox 1409 2163 1648 2214; x_wconf 87' lang='lat' dir='ltr'>omnibus</span> <span class='ocrx_word' id='word_1_219' title='bbox 1691 2163 1926 2231; x_wconf 88' lang='lat' dir='ltr'>spondet.</span> 
     </span>
     <span class='ocr_line' id='line_1_29' title="bbox 91 2231 1926 2302; baseline -0.001 -18"><span class='ocrx_word' id='word_1_220' title='bbox 91 2231 333 2284; x_wconf 77' lang='lat' dir='ltr'>Castrum</span> <span class='ocrx_word' id='word_1_221' title='bbox 372 2251 495 2302; x_wconf 87' lang='lat' dir='ltr'>ergo</span> <span class='ocrx_word' id='word_1_222' title='bbox 533 2252 565 2284; x_wconf 91' lang='lat' dir='ltr'>a</span> <span class='ocrx_word' id='word_1_223' title='bbox 588 2251 712 2301; x_wconf 86' lang='lat' dir='ltr'>rege</span> <span class='ocrx_word' id='word_1_224' title='bbox 739 2251 1044 2284; x_wconf 87' lang='lat' dir='ltr'>concessum</span> <span class='ocrx_word' id='word_1_225' title='bbox 1071 2232 1269 2302; x_wconf 89' lang='lat' dir='ltr'>absque</span> <span class='ocrx_word' id='word_1_226' title='bbox 1295 2252 1441 2284; x_wconf 88' lang='lat' dir='ltr'>mora</span> <span class='ocrx_word' id='word_1_227' title='bbox 1465 2233 1610 2300; x_wconf 90' lang='lat' dir='ltr'>petit,</span> <span class='ocrx_word' id='word_1_228' title='bbox 1639 2240 1926 2283; x_wconf 84' lang='lat' dir='ltr'>castrenses</span> 
     </span>
     <span class='ocr_line' id='line_1_30' title="bbox 90 2301 1990 2372; baseline -0.001 -20"><span class='ocrx_word' id='word_1_229' title='bbox 90 2301 192 2352; x_wconf 92' lang='lat' dir='ltr'>sibi</span> <span class='ocrx_word' id='word_1_230' title='bbox 228 2303 537 2354; x_wconf 89' lang='lat' dir='ltr'>sacramenti</span> <span class='ocrx_word' id='word_1_231' title='bbox 573 2304 684 2354; x_wconf 89' lang='lat' dir='ltr'>iure</span> <span class='ocrx_word' id='word_1_232' title='bbox 730 2311 1010 2355; x_wconf 89' lang='lat' dir='ltr'>annectens</span> <span class='ocrx_word' id='word_1_233' title='bbox 1056 2304 1233 2372; x_wconf 91' lang='lat' dir='ltr'>eisque</span> <span class='ocrx_word' id='word_1_234' title='bbox 1271 2302 1398 2353; x_wconf 90' lang='lat' dir='ltr'>alios</span> <span class='ocrx_word' id='word_1_235' title='bbox 1445 2302 1665 2370; x_wconf 87' lang='lat' dir='ltr'>aliquot,</span> <span class='ocrx_word' id='word_1_236' title='bbox 1706 2319 1927 2369; x_wconf 88' lang='lat' dir='ltr'>quorum</span> <span class='ocrx_word' id='word_1_237' title='bbox 1983 2355 1990 2360; x_wconf 54' lang='lat'>‚</span> 
     </span>
     <span class='ocr_line' id='line_1_31' title="bbox 90 2369 1926 2440; baseline -0.001 -19"><span class='ocrx_word' id='word_1_238' title='bbox 90 2371 216 2422; x_wconf 90' lang='lat' dir='ltr'>fidei</span> <span class='ocrx_word' id='word_1_239' title='bbox 250 2373 486 2439; x_wconf 85' lang='lat' dir='ltr'>vigorem</span> <span class='ocrx_word' id='word_1_240' title='bbox 523 2371 732 2437; x_wconf 86' lang='lat' dir='ltr'>sciebat,</span> <span class='ocrx_word' id='word_1_241' title='bbox 770 2374 1050 2438; x_wconf 81' lang='lat' dir='ltr'>assotians3</span> <span class='ocrx_word' id='word_1_242' title='bbox 1087 2373 1233 2440; x_wconf 89' lang='lat' dir='ltr'>regia</span> <span class='ocrx_word' id='word_1_243' title='bbox 1268 2372 1478 2440; x_wconf 90' lang='lat' dir='ltr'>negotia</span> <span class='ocrx_word' id='word_1_244' title='bbox 1515 2370 1706 2421; x_wconf 78' lang='lat' dir='ltr'>exinde</span> <span class='ocrx_word' id='word_1_245' title='bbox 1733 2369 1926 2420; x_wconf 89' lang='lat' dir='ltr'>utiliter</span> 
     </span>
     <span class='ocr_line' id='line_1_32' title="bbox 90 2438 1922 2508; baseline -0.001 -17"><span class='ocrx_word' id='word_1_246' title='bbox 90 2448 350 2508; x_wconf 84' lang='lat' dir='ltr'>satagens.</span> <span class='ocrx_word' id='word_1_247' title='bbox 437 2439 599 2491; x_wconf 83' lang='lat' dir='ltr'>Cuius</span> <span class='ocrx_word' id='word_1_248' title='bbox 648 2448 824 2492; x_wconf 87' lang='lat' dir='ltr'>tamen</span> <span class='ocrx_word' id='word_1_249' title='bbox 871 2440 1152 2492; x_wconf 83' lang='lat' dir='ltr'>voluntatis</span> <span class='ocrx_word' id='word_1_250' title='bbox 1201 2440 1412 2491; x_wconf 87' lang='lat' dir='ltr'>effectus</span> <span class='ocrx_word' id='word_1_251' title='bbox 1458 2439 1628 2490; x_wconf 89' lang='lat' dir='ltr'>nullus</span> <span class='ocrx_word' id='word_1_252' title='bbox 1686 2438 1810 2504; x_wconf 85' lang='lat' dir='ltr'>fuit,</span> <span class='ocrx_word' id='word_1_253' title='bbox 1862 2457 1922 2490; x_wconf 88' lang='lat' dir='ltr'>eo</span> 
     </span>
     <span class='ocr_line' id='line_1_33' title="bbox 92 2509 1927 2579; baseline -0.001 -19"><span class='ocrx_word' id='word_1_254' title='bbox 92 2509 236 2579; x_wconf 85' lang='lat' dir='ltr'>quod</span> <span class='ocrx_word' id='word_1_255' title='bbox 281 2510 628 2577; x_wconf 77' lang='lat' dir='ltr'>tempestivad</span> <span class='ocrx_word' id='word_1_256' title='bbox 675 2510 818 2562; x_wconf 88' lang='lat' dir='ltr'>urbis</span> <span class='ocrx_word' id='word_1_257' title='bbox 864 2510 1088 2578; x_wconf 90' lang='lat' dir='ltr'>proditio</span> <span class='ocrx_word' id='word_1_258' title='bbox 1136 2517 1335 2560; x_wconf 76' lang='lat' dir='ltr'>vetaret</span> <span class='ocrx_word' id='word_1_259' title='bbox 1380 2518 1430 2560; x_wconf 93' lang='lat' dir='ltr'>et</span> <span class='ocrx_word' id='word_1_260' title='bbox 1480 2527 1631 2560; x_wconf 86' lang='lat' dir='ltr'>casus</span> <span class='ocrx_word' id='word_1_261' title='bbox 1667 2509 1927 2576; x_wconf 88' lang='lat' dir='ltr'>repentini</span> 
     </span>
     <span class='ocr_line' id='line_1_34' title="bbox 85 2578 756 2647; baseline 0 -17"><span class='ocrx_word' id='word_1_262' title='bbox 85 2579 272 2630; x_wconf 78' lang='lat' dir='ltr'>alitere</span> <span class='ocrx_word' id='word_1_263' title='bbox 318 2578 432 2629; x_wconf 90' lang='lat' dir='ltr'>fieri</span> <span class='ocrx_word' id='word_1_264' title='bbox 467 2587 756 2647; x_wconf 83' lang='lat' dir='ltr'>arguerent.</span> 
     </span>
    </p>
   </div>
   <div class='ocr_carea' id='block_1_3' title="bbox 206 2676 2134 2731">
    <p class='ocr_par' dir='ltr' id='par_1_5' title="bbox 206 2676 2134 2731">
     <span class='ocr_line' id='line_1_35' title="bbox 206 2676 2134 2731; baseline -0.003 -1"><span class='ocrx_word' id='word_1_265' title='bbox 206 2679 290 2731; x_wconf 88' lang='grc'>41.</span> <span class='ocrx_word' id='word_1_266' title='bbox 364 2681 378 2699; x_wconf 81' lang='lat'><strong>*</strong></span> <span class='ocrx_word' id='word_1_267' title='bbox 398 2676 642 2730; x_wconf 80' lang='lat' dir='ltr'>Subtilisf</span> <span class='ocrx_word' id='word_1_268' title='bbox 675 2677 1018 2729; x_wconf 84' lang='lat' dir='ltr'>machinatiof</span> <span class='ocrx_word' id='word_1_269' title='bbox 1052 2679 1105 2728; x_wconf 91' lang='lat' dir='ltr'>in</span> <span class='ocrx_word' id='word_1_270' title='bbox 1141 2676 1398 2728; x_wconf 85' lang='lat' dir='ltr'>Karolum</span> <span class='ocrx_word' id='word_1_271' title='bbox 1437 2685 1487 2728; x_wconf 91' lang='lat' dir='ltr'>et</span> <span class='ocrx_word' id='word_1_272' title='bbox 1522 2676 1812 2728; x_wconf 87' lang='lat' dir='ltr'>Arnulfum.</span> <span class='ocrx_word' id='word_1_273' title='bbox 1945 2688 2032 2724; x_wconf 76' lang='lat' dir='ltr'>&#39;f01.</span> <span class='ocrx_word' id='word_1_274' title='bbox 2062 2693 2134 2724; x_wconf 51' lang='grc' dir='ltr'>ιε’.</span> 
     </span>
    </p>
   </div>
   <div class='ocr_carea' id='block_1_4' title="bbox 66 2744 2125 3177">
    <p class='ocr_par' dir='ltr' id='par_1_6' title="bbox 66 2744 2125 3177">
     <span class='ocr_line' id='line_1_36' title="bbox 236 2744 2125 2831; baseline -0.001 -18"><span class='ocrx_word' id='word_1_275' title='bbox 236 2761 321 2813; x_wconf 92' lang='lat' dir='ltr'>Ab</span> <span class='ocrx_word' id='word_1_276' title='bbox 381 2762 481 2813; x_wconf 91' lang='lat' dir='ltr'>hoc</span> <span class='ocrx_word' id='word_1_277' title='bbox 545 2769 781 2831; x_wconf 86' lang='lat' dir='ltr'>tempore</span> <span class='ocrx_word' id='word_1_278' title='bbox 838 2761 1101 2814; x_wconf 88' lang='lat' dir='ltr'>Adalbero</span> <span class='ocrx_word' id='word_1_279' title='bbox 1152 2762 1578 2814; x_wconf 84' lang='lat' dir='ltr'>Laudunensium</span> <span class='ocrx_word' id='word_1_280' title='bbox 1624 2763 1921 2830; x_wconf 76' lang='lat' dir='ltr'>episcopus,</span> <span class='ocrx_word' id='word_1_281' title='bbox 1991 2744 2125 2774; x_wconf 46' lang='lat' dir='ltr'><strong><em>‘mum&#39;</em></strong></span> 
     </span>
     <span class='ocr_line' id='line_1_37' title="bbox 93 2830 1924 2901; baseline -0.001 -19"><span class='ocrx_word' id='word_1_282' title='bbox 93 2832 184 2901; x_wconf 83' lang='lat' dir='ltr'>qui</span> <span class='ocrx_word' id='word_1_283' title='bbox 220 2839 339 2883; x_wconf 85' lang='lat' dir='ltr'>ante</span> <span class='ocrx_word' id='word_1_284' title='bbox 376 2850 407 2882; x_wconf 88' lang='lat' dir='ltr'>a</span> <span class='ocrx_word' id='word_1_285' title='bbox 441 2830 636 2882; x_wconf 85' lang='lat' dir='ltr'>Karolo</span> <span class='ocrx_word' id='word_1_286' title='bbox 675 2838 858 2900; x_wconf 87' lang='lat' dir='ltr'>captus</span> <span class='ocrx_word' id='word_1_287' title='bbox 895 2832 1181 2900; x_wconf 88' lang='lat' dir='ltr'>aufugerat,</span> <span class='ocrx_word' id='word_1_288' title='bbox 1234 2833 1374 2882; x_wconf 88' lang='lat' dir='ltr'>omni</span> <span class='ocrx_word' id='word_1_289' title='bbox 1411 2831 1621 2899; x_wconf 88' lang='lat' dir='ltr'>ingenio</span> <span class='ocrx_word' id='word_1_290' title='bbox 1662 2831 1924 2899; x_wconf 85' lang='lat' dir='ltr'>oportuni-</span> 
     </span>
     <span class='ocr_line' id='line_1_38' title="bbox 66 2900 1924 2970; baseline -0.001 -17"><span class='ocrx_word' id='word_1_291' title='bbox 66 2910 252 2964; x_wconf 40' lang='lat' dir='ltr'>,tatem</span> <span class='ocrx_word' id='word_1_292' title='bbox 301 2900 609 2970; x_wconf 87' lang='lat' dir='ltr'>quaerebat,</span> <span class='ocrx_word' id='word_1_293' title='bbox 659 2919 762 2969; x_wconf 91' lang='lat' dir='ltr'>qua</span> <span class='ocrx_word' id='word_1_294' title='bbox 807 2919 959 2952; x_wconf 76' lang='lat' dir='ltr'>versa</span> <span class='ocrx_word' id='word_1_295' title='bbox 1006 2903 1119 2952; x_wconf 77' lang='lat' dir='ltr'>vice</span> <span class='ocrx_word' id='word_1_296' title='bbox 1165 2909 1216 2952; x_wconf 90' lang='lat' dir='ltr'>et</span> <span class='ocrx_word' id='word_1_297' title='bbox 1261 2901 1575 2952; x_wconf 90' lang='lat' dir='ltr'>Laudunum</span> <span class='ocrx_word' id='word_1_298' title='bbox 1624 2909 1836 2969; x_wconf 88' lang='lat' dir='ltr'>caperet</span> <span class='ocrx_word' id='word_1_299' title='bbox 1874 2909 1924 2951; x_wconf 92' lang='lat' dir='ltr'>et</span> 
     </span>
     <span class='ocr_line' id='line_1_39' title="bbox 93 2968 1928 3039; baseline -0.001 -18"><span class='ocrx_word' id='word_1_300' title='bbox 93 2969 347 3022; x_wconf 81' lang='lat' dir='ltr'>Karolum</span> <span class='ocrx_word' id='word_1_301' title='bbox 385 2969 860 3038; x_wconf 85' lang='lat' dir='ltr'>comprehenderet.</span> <span class='ocrx_word' id='word_1_302' title='bbox 922 2970 1146 3039; x_wconf 90' lang='lat' dir='ltr'>Legatos</span> <span class='ocrx_word' id='word_1_303' title='bbox 1183 2972 1359 3038; x_wconf 85' lang='lat' dir='ltr'>itaque</span> <span class='ocrx_word' id='word_1_304' title='bbox 1398 2968 1694 3020; x_wconf 88' lang='lat' dir='ltr'>huiusmodi</span> <span class='ocrx_word' id='word_1_305' title='bbox 1729 2970 1928 3037; x_wconf 89' lang='lat' dir='ltr'>negotii</span> 
     </span>
     <span class='ocr_line' id='line_1_40' title="bbox 91 3037 1931 3108; baseline -0.002 -18"><span class='ocrx_word' id='word_1_306' title='bbox 91 3039 500 3090; x_wconf 86' lang='lat' dir='ltr'>officiosissimos</span> <span class='ocrx_word' id='word_1_307' title='bbox 531 3037 750 3089; x_wconf 88' lang='lat' dir='ltr'>Arnulfo</span> <span class='ocrx_word' id='word_1_308' title='bbox 778 3039 1021 3108; x_wconf 88' lang='lat' dir='ltr'>dirigens,</span> <span class='ocrx_word' id='word_1_309' title='bbox 1048 3040 1347 3104; x_wconf 86' lang='lat' dir='ltr'>amicitiam,</span> <span class='ocrx_word' id='word_1_310' title='bbox 1373 3039 1546 3105; x_wconf 91' lang='lat' dir='ltr'>fidem,</span> <span class='ocrx_word' id='word_1_311' title='bbox 1574 3039 1931 3107; x_wconf 88' lang='lat' dir='ltr'>suppetiarum</span> 
     </span>
     <span class='ocr_line' id='line_1_41' title="bbox 91 3107 1929 3177; baseline -0.001 -18"><span class='ocrx_word' id='word_1_312' title='bbox 91 3107 329 3160; x_wconf 83' lang='lat' dir='ltr'>subsidia</span> <span class='ocrx_word' id='word_1_313' title='bbox 363 3107 591 3159; x_wconf 88' lang='lat' dir='ltr'>mandat.</span> <span class='ocrx_word' id='word_1_314' title='bbox 664 3108 730 3158; x_wconf 84' lang='lat' dir='ltr'>Ei</span> <span class='ocrx_word' id='word_1_315' title='bbox 769 3126 973 3177; x_wconf 88' lang='lat' dir='ltr'>quoque</span> <span class='ocrx_word' id='word_1_316' title='bbox 1011 3116 1190 3177; x_wconf 89' lang='lat' dir='ltr'>utpote</span> <span class='ocrx_word' id='word_1_317' title='bbox 1237 3127 1328 3160; x_wconf 90' lang='lat' dir='ltr'>suo</span> <span class='ocrx_word' id='word_1_318' title='bbox 1380 3107 1778 3177; x_wconf 89' lang='lat' dir='ltr'>metropolitano</span> <span class='ocrx_word' id='word_1_319' title='bbox 1817 3125 1929 3157; x_wconf 90' lang='lat' dir='ltr'>sese</span> 
     </span>
    </p>
   </div>
   <div class='ocr_carea' id='block_1_5' title="bbox 91 3241 1925 3379">
    <p class='ocr_par' dir='ltr' id='par_1_7' title="bbox 91 3241 1925 3379">
     <span class='ocr_line' id='line_1_42' title="bbox 193 3241 1925 3283; baseline -0.002 -9"><span class='ocrx_word' id='word_1_320' title='bbox 193 3242 228 3283; x_wconf 85' lang='lat' dir='ltr'>a)</span> <span class='ocrx_word' id='word_1_321' title='bbox 257 3244 390 3274; x_wconf 78' lang='lat' dir='ltr'>fecisse</span> <span class='ocrx_word' id='word_1_322' title='bbox 416 3252 589 3282; x_wconf 74' lang='lat' dir='ltr'>superscr.</span> <span class='ocrx_word' id='word_1_323' title='bbox 626 3252 739 3283; x_wconf 78' lang='lat' dir='ltr'>agere</span> <span class='ocrx_word' id='word_1_324' title='bbox 773 3252 800 3274; x_wconf 86' lang='lat' dir='ltr'>c.</span> <span class='ocrx_word' id='word_1_325' title='bbox 947 3242 984 3280; x_wconf 88' lang='lat' dir='ltr'>b)</span> <span class='ocrx_word' id='word_1_326' title='bbox 1008 3247 1089 3283; x_wconf 75' lang='lat' dir='ltr'>post</span> <span class='ocrx_word' id='word_1_327' title='bbox 1115 3243 1195 3274; x_wconf 78' lang='lat' dir='ltr'>add.</span> <span class='ocrx_word' id='word_1_328' title='bbox 1306 3241 1359 3283; x_wconf 82' lang='lat' dir='ltr'>b·)</span> <span class='ocrx_word' id='word_1_329' title='bbox 1387 3243 1565 3282; x_wconf 74' lang='lat' dir='ltr'>sequentia</span> <span class='ocrx_word' id='word_1_330' title='bbox 1604 3243 1639 3272; x_wconf 84' lang='lat' dir='ltr'>in</span> <span class='ocrx_word' id='word_1_331' title='bbox 1666 3241 1760 3280; x_wconf 78' lang='lat' dir='ltr'>folio</span> <span class='ocrx_word' id='word_1_332' title='bbox 1790 3242 1925 3272; x_wconf 79' lang='lat' dir='ltr'>minore</span> 
     </span>
     <span class='ocr_line' id='line_1_43' title="bbox 91 3290 1925 3330; baseline 0 -9"><span class='ocrx_word' id='word_1_333' title='bbox 91 3294 173 3330; x_wconf 70' lang='lat' dir='ltr'>post</span> <span class='ocrx_word' id='word_1_334' title='bbox 198 3291 329 3323; x_wconf 77' lang='lat' dir='ltr'>inserto</span> <span class='ocrx_word' id='word_1_335' title='bbox 356 3292 476 3323; x_wconf 78' lang='lat' dir='ltr'>addita</span> <span class='ocrx_word' id='word_1_336' title='bbox 506 3296 600 3323; x_wconf 78' lang='lat' dir='ltr'>sunt.</span> <span class='ocrx_word' id='word_1_337' title='bbox 630 3310 670 3316; x_wconf 89' lang='lat'>—</span> <span class='ocrx_word' id='word_1_338' title='bbox 702 3291 746 3327; x_wconf 89' lang='grc' dir='ltr'>Ο,</span> <span class='ocrx_word' id='word_1_339' title='bbox 774 3301 801 3323; x_wconf 82' lang='lat' dir='ltr'>e.</span> <span class='ocrx_word' id='word_1_340' title='bbox 830 3301 974 3330; x_wconf 73' lang='lat' dir='ltr'>semper.</span> <span class='ocrx_word' id='word_1_341' title='bbox 1108 3290 1140 3330; x_wconf 86' lang='lat' dir='ltr'>c)</span> <span class='ocrx_word' id='word_1_342' title='bbox 1170 3291 1343 3323; x_wconf 82' lang='lat' dir='ltr'>diffidant</span> <span class='ocrx_word' id='word_1_343' title='bbox 1374 3294 1406 3323; x_wconf 88' lang='lat'>1.</span> <span class='ocrx_word' id='word_1_344' title='bbox 1545 3290 1580 3328; x_wconf 91' lang='lat' dir='ltr'>d)</span> <span class='ocrx_word' id='word_1_345' title='bbox 1611 3291 1649 3321; x_wconf 88' lang='lat' dir='ltr'>iu</span> <span class='ocrx_word' id='word_1_346' title='bbox 1678 3295 1760 3321; x_wconf 63' lang='lat' dir='ltr'>aufe</span> <span class='ocrx_word' id='word_1_347' title='bbox 1786 3294 1925 3329; x_wconf 84' lang='lat' dir='ltr'>tempe-</span> 
     </span>
     <span class='ocr_line' id='line_1_44' title="bbox 95 3339 1134 3379; baseline 0.002 -9"><span class='ocrx_word' id='word_1_348' title='bbox 95 3339 193 3370; x_wconf 78' lang='lat' dir='ltr'>stiva</span> <span class='ocrx_word' id='word_1_349' title='bbox 219 3340 282 3372; x_wconf 82' lang='lat' dir='ltr'>del.</span> <span class='ocrx_word' id='word_1_350' title='bbox 384 3339 418 3379; x_wconf 87' lang='lat' dir='ltr'>e)</span> <span class='ocrx_word' id='word_1_351' title='bbox 449 3344 485 3371; x_wconf 88' lang='lat' dir='ltr'>et</span> <span class='ocrx_word' id='word_1_352' title='bbox 511 3342 621 3372; x_wconf 77' lang='lat' dir='ltr'>aliter</span> <span class='ocrx_word' id='word_1_353' title='bbox 650 3342 681 3373; x_wconf 85' lang='grc'>1.</span> <span class='ocrx_word' id='word_1_354' title='bbox 781 3340 807 3378; x_wconf 90' lang='lat' dir='ltr'>f)</span> <span class='ocrx_word' id='word_1_355' title='bbox 838 3340 925 3377; x_wconf 72' lang='lat' dir='ltr'>Sub,</span> <span class='ocrx_word' id='word_1_356' title='bbox 955 3348 1014 3370; x_wconf 84' lang='lat' dir='ltr'>ma</span> <span class='ocrx_word' id='word_1_357' title='bbox 1042 3340 1134 3372; x_wconf 78' lang='lat' dir='ltr'>absc.</span> 
     </span>
    </p>
   </div>
   <div class='ocr_carea' id='block_1_6' title="bbox 98 3432 1920 3536">
    <p class='ocr_par' dir='ltr' id='par_1_8' title="bbox 98 3432 1920 3536">
     <span class='ocr_line' id='line_1_45' title="bbox 221 3432 1920 3489; baseline -0.001 -16"><span class='ocrx_word' id='word_1_358' title='bbox 221 3435 262 3485; x_wconf 84' lang='lat'>1)</span> <span class='ocrx_word' id='word_1_359' title='bbox 296 3437 458 3476; x_wconf 85' lang='lat' dir='ltr'>Dreux.</span> <span class='ocrx_word' id='word_1_360' title='bbox 604 3438 648 3487; x_wconf 75' lang='lat'>2)</span> <span class='ocrx_word' id='word_1_361' title='bbox 684 3436 839 3477; x_wconf 86' lang='lat' dir='ltr'>Comes</span> <span class='ocrx_word' id='word_1_362' title='bbox 873 3433 1026 3489; x_wconf 87' lang='lat' dir='ltr'>procul</span> <span class='ocrx_word' id='word_1_363' title='bbox 1061 3434 1190 3474; x_wconf 83' lang='lat' dir='ltr'>dubio</span> <span class='ocrx_word' id='word_1_364' title='bbox 1227 3433 1521 3479; x_wconf 81' lang='lat' dir='ltr'>Carnotensis,</span> <span class='ocrx_word' id='word_1_365' title='bbox 1565 3433 1638 3486; x_wconf 84' lang='lat' dir='ltr'>qui</span> <span class='ocrx_word' id='word_1_366' title='bbox 1673 3445 1708 3474; x_wconf 89' lang='lat' dir='ltr'>c.</span> <span class='ocrx_word' id='word_1_367' title='bbox 1748 3432 1802 3470; x_wconf 80' lang='lat'>74</span> <span class='ocrx_word' id='word_1_368' title='bbox 1825 3445 1920 3485; x_wconf 88' lang='lat' dir='ltr'>sqq.</span> 
     </span>
     <span class='ocr_line' id='line_1_46' title="bbox 98 3501 374 3536; baseline 0.007 -2"><span class='ocrx_word' id='word_1_369' title='bbox 98 3501 374 3536; x_wconf 83' lang='lat' dir='ltr'>memoratur.</span> 
     </span>
    </p>
   </div>
   <div class='ocr_carea' id='block_1_7' title="bbox 1485 3563 1548 3613">
    <p class='ocr_par' dir='ltr' id='par_1_9' title="bbox 1485 3563 1548 3613">
     <span class='ocr_line' id='line_1_47' title="bbox 1485 3563 1548 3613; baseline 0.016 -1"><span class='ocrx_word' id='word_1_370' title='bbox 1485 3563 1548 3613; x_wconf 84' lang='lat'>10</span> 
     </span>
    </p>
   </div>
  </div>
 </body>
</html>
