2240 3879
556 174 802 214 RICHERI
833 175 1247 216 HISTORIARUM
1279 176 1462 216 LIBER
1489 177 1576 215 111.
1907 178 1989 217 119

153 309 513 375 dissimulavit,
566 318 622 362 ut
659 319 709 362 et
757 331 851 381 per
895 313 1203 363 insidiarum
1250 311 1367 362 loca
1412 314 1674 379 transiret,
1725 332 1857 381 quae
1896 332 1991 365 nec

151 381 316 431 vitare
366 385 595 448 poterat,
648 389 697 432 et
744 381 1049 432 insidiantes
1098 380 1379 432 efficaciter
1424 380 1636 433 falleret.
1716 383 1834 434 Uno
1883 392 1990 434 tan-

148 456 298 500 tuma
346 448 574 516 hospitio
620 468 754 517 pene
803 450 1156 519 deprehensus
1208 450 1321 500 fuit.
1409 449 1544 500 Nam
1593 451 1717 501 dum
1764 452 1991 503 eundum

150 525 286 569 esset
334 518 585 582 cubitum,
631 521 678 569 ei
726 518 887 570 lectus
938 536 1057 568 cum
1097 517 1333 586 diligenti
1371 527 1630 586 apparatu
1668 522 1991 588 compositus

150 594 241 638 est.
297 587 469 656 Eique
508 587 812 638 circumfusi
851 588 941 638 seb
981 604 1159 638 omnes
1198 587 1263 637 ad
1304 587 1637 638 serviendum
1677 587 1991 640 obtulerunt.

149 654 255 706 Alii
294 657 431 707 enim
468 675 607 724 genu
643 655 812 707 flexoC
850 654 1044 723 caligas
1083 656 1440 722 extrahebant,
1489 665 1855 726 extractasque
1905 657 1992 708 alii

149 725 503 793 excipiebant.
574 724 681 774 Alii
729 742 853 776 vero
903 724 1124 776 nudatos
1171 725 1331 793 pedes
1388 725 1614 778 sedentis
1671 726 1990 778 subsidendo

149 794 510 846 confricabant
547 801 598 844 et
633 794 759 861 giris
796 794 1020 845 vestium
1059 794 1429 846 emundabant.
1486 795 1634 847 Haec
1672 795 1861 864 hospes
1898 814 1993 865 per

149 864 268 914 ostii
315 864 475 913 rimas
523 861 902 931 contemplatus
950 870 1041 915 est.
1132 864 1615 933 Deprehensusque
1671 865 1990 934 explorasse,

147 950 289 992 mox,
327 951 391 984 ne
429 950 540 983 rem
578 931 858 999 detegeret,
904 940 1124 983 vocatus
1162 942 1239 984 est
1278 941 1327 983 et
1364 934 1708 985 intromissus.
1767 934 1992 986 Strictis-

149 1020 250 1070 que
299 1000 636 1051 mucronibus
675 1008 955 1069 postquam
1008 1003 1054 1052 ei
1093 1021 1274 1053 necem
1325 1004 1510 1054 minati
1550 1012 1684 1070 sunt,
1725 1004 1767 1053 si
1805 1021 1991 1054 vocem

149 1071 420 1133 emitteret,
460 1069 896 1137 comprehensum
933 1070 1108 1139 ligatis
1147 1071 1389 1122 manibus
1430 1079 1479 1122 et
1516 1072 1740 1139 pedibus
1767 1072 1821 1122 in
1848 1090 1992 1140 erga-

147 1138 339 1191 stulum
389 1138 735 1190 detruserunt.
818 1139 923 1203 Qui
968 1158 1097 1191 voce
1144 1158 1425 1209 suppressa
1472 1140 1548 1191 ibi
1596 1159 1761 1209 usque
1810 1160 1992 1209 erepu-

147 1207 349 1259 sculum
387 1225 656 1258 convexus
672 1208 694 1240 ‘l
730 1209 906 1260 iacuit.
998 1210 1123 1260 Post
1170 1219 1323 1261 nocte
1368 1209 1720 1261 abscendente
1778 1210 1831 1259 in
1875 1211 1990 1278 ipso

147 1275 454 1345 crepusculo
501 1285 856 1329 surrexerunt.
942 1278 1222 1347 Hospitem
1270 1288 1598 1347 assumptum
1646 1288 1695 1330 et
1743 1297 1878 1348 equo
1917 1280 1991 1329 in-

143 1353 356 1398 vectum
392 1345 575 1396 tandiu
610 1355 1026 1415 asportaverunt,
1065 1347 1231 1399 donec
1267 1346 1381 1398 loca
1410 1357 1654 1416 suspecta
1679 1348 1990 1400 transmitte-

145 1423 275 1467 rent.
335 1415 540 1480 Quibus
577 1417 911 1483 transmissis,
952 1416 1249 1486 depositum
1283 1417 1592 1469 dimiserunt
1625 1416 1989 1486 reliquumque

145 1485 343 1536 itineris
383 1483 573 1536 celeres
611 1485 958 1538 confecerunt.
1032 1486 1143 1537 Nec
1182 1487 1353 1537 minus
1394 1486 1625 1538 Conradi
1661 1488 1802 1555 regis
1843 1486 1990 1538 dolos

149 1572 272 1623 sepe
311 1553 602 1605 simulando
643 1563 692 1605 et
730 1554 1107 1606 dissimulando
1155 1557 1337 1620 evasit,
1386 1560 1540 1606 *cum
1585 1557 1638 1606 in
1678 1555 1808 1607 dolis
1850 1573 1988 1607 com-

146 1623 405 1692 ponendis
442 1623 772 1674 insidiatores
811 1624 1018 1675 studioh
1059 1632 1109 1675 et
1143 1624 1228 1675 hic
1252 1626 1555 1676 niterentur.
1614 1625 1851 1676 Tandem
1879 1634 1989 1676 tan-

146 1700 319 1743 torum
356 1691 613 1742 malorum
652 1711 865 1744 securus
906 1692 1076 1745 Gallia
1112 1703 1353 1763 receptus
1394 1704 1485 1745 est.

495 1808 575 1859 89.
648 1807 884 1859 Lotharii
923 1817 972 1860 et
1010 1808 1251 1877 Hugonis
1289 1808 1657 1860 reconciliatio,

283 1890 520 1959 Cognitis
559 1899 734 1942 autem
771 1900 1114 1960 utrorumque
1152 1891 1282 1943 dolis
1321 1893 1386 1944 ab
1425 1902 1663 1960 utroque,
1702 1899 1851 1942 tanta
1879 1909 1992 1942 cru-

144 1959 357 2012 delitate
406 1961 461 2010 in
506 1979 559 2011 se
604 1978 710 2011 non
758 1962 915 2011 armis
967 1962 1058 2012 sed
1103 1961 1305 2012 insidiis
1352 1960 1634 2013 latentibus
1682 1959 1993 2012 debacchati

145 2037 279 2095 sunt,
326 2036 383 2079 ut
430 2028 628 2098 aliquot
676 2030 826 2080 annis
878 2049 958 2080 res
996 2029 1209 2098 publica
1245 2031 1575 2099 principibus
1615 2029 1990 2081 dissidentibus

144 2098 366 2149 multum
403 2097 676 2150 lederetur.
733 2099 883 2149 Tunc
919 2100 1075 2150 etiam
1101 2099 1382 2150 multarum
1407 2119 1581 2151 rerum
1606 2100 1990 2168 usurpationes,

144 2169 456 2219 miserorum
512 2186 720 2236 quoque
778 2170 1144 2237 oppressiones
1210 2179 1259 2220 et
1313 2170 1452 2220 eirca
1518 2170 1693 2219 minus
1750 2176 1990 2237 potentes

147 2236 467 2288 calamitates
503 2237 734 2288 nefariae
760 2255 792 2287 a
818 2237 1133 2307 quibusdam
1159 2239 1337 2306 pravis
1365 2239 1626 2290 exercitae
1655 2246 1790 2288 sunt.
1855 2237 1990 2288 Cum

145 2307 416 2374 utriusque
455 2307 796 2373 sapientiores
832 2308 888 2356 in
923 2325 1086 2357 unum
1114 2306 1400 2358 consulturi
1427 2307 1813 2371 convenientes,
1853 2308 1992 2374 prin:

148 2375 291 2443 cipes
360 2374 612 2426 dissidere
681 2374 906 2443 plurima
978 2377 1431 2427 commiseratione
1507 2377 1780 2444 conquesti
1854 2384 1989 2426 sunt.

174 2445 281 2510 90.)
345 2443 767 2511 Statueruntque,
806 2452 863 2494 ut
900 2444 1113 2495 alterius
1150 2445 1379 2496 fautores
1419 2444 1486 2495 ad
1524 2444 1743 2495 alterum
1783 2444 1990 2494 suasuri

187 2531 214 2564 e
250 2511 671 2564 reconciliatione
713 2514 1008 2578 transirent,
1054 2522 1111 2564 ut
1146 2513 1392 2564 alteruter
1438 2512 1789 2565 benivolentia
1839 2512 1989 2564 alter-

147 2583 314 2633 utrius
353 2590 555 2650 captus,
599 2580 801 2632 facilius
839 2581 940 2633 sibi
977 2582 1417 2633 condescenderet
1466 2600 1689 2650 eumque
1740 2598 1834 2650 pro
1883 2581 1990 2633 lesa

148 2652 390 2702 amicicia
425 2649 603 2701 utilius
640 2651 907 2718 peniteret.
971 2651 1128 2715 Quod
1165 2650 1495 2702 consultume
1534 2669 1639 2701 non
1674 2650 1835 2701 multo
1872 2659 1991 2719 post

149 2720 392 2772 effectum
428 2718 626 2770 habuit.
680 2719 815 2770 Nam
853 2728 903 2770 et
941 2720 1012 2771 eis
1051 2720 1410 2772 efficacissime
1448 2738 1760 2789 persuasum
1797 2727 1888 2785 cst,
1929 2737 1990 2771 ac

148 2789 374 2858 plurima
419 2787 693 2840 dilectione
739 2788 837 2840 sibi
886 2790 1078 2840 annexi
1124 2798 1257 2841 sunt.
1347 2790 1434 2841 Sic
1473 2791 1631 2841 etiam
1668 2790 1721 2840 in
1756 2791 1991 2858 utrisque

148 2859 229 2911 vis
267 2858 539 2910 amiciciae
576 2857 783 2909 firmata
818 2858 932 2908 visa
969 2865 1059 2910 cst.

335 2972 418 3023 91.
490 2971 757 3023 Promotio
795 2971 1085 3023 Ludovicif
1117 2973 1172 3023 in
1207 2991 1427 3041 regnum
1465 2973 1807 3024 Francorum.

291 3055 502 3107 Etenim
549 3073 668 3106 cum
712 3074 807 3106 rex
843 3055 1007 3107 filium
1045 3075 1197 3108 suum
1234 3057 1564 3108 Ludovicum
1600 3057 1655 3106 in
1691 3074 1852 3124 regno
1894 3055 1994 3107 sibi

153 3125 433 3177 succedere
483 3123 653 3190 vellet,
700 3125 873 3193 ipsum
912 3144 1121 3194 quoque
1157 3144 1188 3176 a
1225 3126 1357 3177 duce
1396 3125 1745 3177 ordinandum
1784 3142 1995 3193 quaere-

151 3203 246 3260 ret,
285 3194 396 3245 dux
433 3193 567 3245 hanc
613 3192 993 3245 ordinationem
1039 3213 1165 3246 mox
1209 3193 1413 3247 liberali
1461 3195 1634 3245 animo
1682 3212 1736 3245 se
1774 3193 1995 3244 admini-

154 3269 435 3315 straturum
473 3262 757 3332 respondit.
814 3263 883 3314 Et
919 3262 1103 3332 legatis
1144 3264 1368 3331 directiS,
1408 3281 1690 3332 regnorum
1727 3262 1994 3331 principes

253 3410 289 3452 a)
317 3413 365 3443 sic
402 3422 430 3446 c.
520 3410 558 3453 b)
582 3417 664 3451 post
691 3412 772 3447 add,
859 3410 891 3451 c)
919 3411 1020 3443 flexu
1054 3422 1147 3449 corr.
1184 3414 1295 3447 flexo.
1384 3411 1420 3452 d)
1451 3421 1669 3451 conquexus
1707 3421 1734 3443 e.
1824 3412 1858 3450 e)
1890 3420 1996 3444 sena-

155 3462 216 3491 tus
243 3469 273 3492 e.
311 3463 344 3493 1.
446 3459 477 3500 f)
506 3461 679 3493 Rotberti
708 3463 738 3493 1.

2009 336 2090 368 981.

2007 1579 2017 1590 ‘
2035 1580 2098 1612 fol.
2129 1581 2200 1611 40‘.
