2240 3879
179 412 259 444 939.

277 259 331 298 48
702 256 956 298 RICHERI
988 256 1407 297 HISTORIARUM
1440 255 1624 295 LIBER
1657 256 1718 296 II.

433 398 509 447 17.
566 396 716 447 Rexa
753 397 809 446 in
844 395 1094 464 Belgicaa
1133 413 1254 446 suos
1295 394 1397 446 sibi
1436 395 1636 445 sociata
1675 402 1725 445 et
1765 393 1974 445 Ottonis

725 465 991 517 fautoresa
1027 464 1162 515 ultra
1201 465 1476 516 Rhenuma
1514 463 1680 533 fugat.

414 565 531 616 Rex
547 567 612 601 ¹³·¹
654 567 708 615 in
746 584 884 635 pago
912 565 1131 618 Elisatio
1169 583 1289 616 cum
1325 565 1555 633 Hugone
1584 564 1854 635 Cisalpino
1888 565 2128 635 principe

276 633 478 685 locutus
498 645 532 700 2,
583 635 828 703 Belgicos
879 636 1184 700 exteriores,
1233 636 1323 705 qui
1373 635 1439 686 ad
1490 653 1544 686 se
1587 635 1824 686 nondum
1861 642 2129 700 venerant,

278 704 379 756 sibi
434 703 739 756 asciscebat.
838 704 909 756 Et
971 708 1063 774 qui
1124 705 1362 774 partibus
1421 704 1631 757 Ottonis
1692 703 1940 756 favebant
1994 703 2130 756 ultra

277 774 519 825 Rhenum
556 774 737 843 fugere
776 775 1047 843 compulit.
1120 777 1461 827 Presenserat
1499 776 1656 840 enim,
1707 773 1957 826 Ottonem
1993 773 2129 827 velle

275 844 330 894 in
369 862 521 894 suum
560 845 641 894 ius
678 843 951 912 Belgicam
986 844 1365 896 transfundere.
1457 844 1615 896 Unde
1665 852 1716 895 et
1753 861 1887 912 equo
1938 844 1987 896 ei
2023 862 2131 896 non

275 912 541 964 ferebatur
587 914 780 964 animo.
866 913 1237 966 Truculentius
1288 933 1411 985 ergo
1470 922 1651 966 contra
1705 913 1851 964 illum
1906 914 2128 982 agitans,

276 985 433 1035 suos*
474 983 538 1034 de
575 1002 737 1052 regno
778 984 1097 1035 exturbavit.
1175 985 1279 1049 Qui
1317 1003 1444 1036 vero
1485 985 1585 1036 sibi
1625 982 2129 1036 consentiebant⁰·**

276 1053 557 1118 asciscens,
599 1052 955 1104 Gislebertum
993 1052 1242 1105 videlicet
1272 1054 1609 1123 Belgicorum
1650 1053 1854 1118 ducem,
1894 1052 2129 1106 Theode-

276 1123 446 1173 ricum
487 1140 694 1192 quoque
733 1132 889 1191 atque
928 1123 1079 1173 Isaac
1118 1126 1335 1176 comites
1354 1133 1389 1189 3,
1430 1143 1552 1175 cum
1591 1125 1664 1175 eis
1693 1122 1970 1175 consilium
2010 1140 2129 1175 con-

276 1191 390 1257 fert,
431 1211 491 1244 ac
531 1211 625 1262 pro
665 1192 767 1244 fide
817 1191 1060 1244 habenda
1110 1194 1475 1246 iusiurandum
1525 1195 1592 1246 ab
1642 1195 1716 1247 eis
1762 1193 1972 1261 accipit,
2009 1202 2132 1262 post

279 1262 406 1313 haec
447 1262 761 1313 Laudunum
797 1262 1020 1314 rediens.
1106 1263 1296 1333 Ibique
1348 1264 1584 1316 eiusdem
1634 1264 1780 1316 urbis
1821 1264 2131 1333 episcopum

277 1331 578 1397 Rodulfum,
634 1332 948 1401 proditionis
1005 1333 1397 1386 evidentissime
1452 1333 1828 1397 insimulatum,
1883 1331 1949 1384 ab
2000 1331 2133 1384 urbe

277 1401 423 1470 pellit
459 1420 686 1470 suosque
725 1401 878 1453 simul
917 1403 1055 1455 eicit.
1148 1404 1389 1469 Quorum
1427 1404 1584 1455 etiam
1621 1422 1704 1455 res
1753 1404 1859 1455 suis
1899 1402 2132 1455 contulit.

771 1575 848 1625 18.
892 1572 1016 1625 Otto
1055 1573 1366 1643 Belgicamd
1405 1574 1660 1627 devastat.

419 1674 543 1726 Otto
583 1675 782 1725 interea
809 1673 1056 1742 Belgicos
1096 1675 1428 1743 comperiens
1466 1676 1605 1744 regis
1639 1683 1816 1744 partes
1843 1681 2136 1725 sustentare

280 1750 329 1794 et
367 1760 397 1792 a
436 1762 489 1795 se
528 1745 735 1812 penitus
785 1743 1069 1807 defecisse,
1122 1743 1306 1795 Rheno
1358 1745 1664 1796 transmisso
1706 1744 2010 1812 Belgicame
2061 1743 2137 1794 in-

279 1830 490 1880 gressus
507 1816 593 1879 ***,
633 1815 744 1866 eius
783 1812 901 1864 loca
951 1813 1177 1883 plurima
1226 1814 1484 1866 incendiis
1523 1833 1585 1866 ac
1618 1815 1919 1883 ingentibus
1958 1810 2136 1883 predis

280 1882 569 1947 devastat&
634 1902 694 1935 eo
759 1884 901 1952 quod
961 1903 1029 1935 ex
1092 1882 1366 1936 collatione
1417 1893 1639 1954 paterna
1694 1885 1975 1953 princepsf
2025 1882 2140 1935 fieri

280 1950 509 2020 Belgicis
544 1953 952 2022 dedignantibus
994 1953 1345 2020 contenderet,
1387 1973 1508 2005 cum
1547 1955 1658 2006 eius
1696 1963 1846 2024 pater
1874 1953 2139 2006 Saxoniae

282 2020 447 2072 solum
486 2032 739 2092 propter?-
778 2023 1091 2074 Sclavorum
1128 2024 1523 2093 improbitatem
1569 2043 1665 2076 rex
1703 2033 1908 2076 creatus
1948 2024 2029 2087 sit,
2077 2041 2137 2074 eo

283 2091 423 2160 quod
460 2091 706 2157 Karolus,
748 2094 833 2143 cui
870 2111 1045 2144 rerum
1083 2111 1289 2144 summa
1328 2093 1634 2159 debebatur,
1686 2093 1858 2144 adhuc
1896 2095 1951 2145 in
1990 2092 2138 2144 cunis

279 2161 527 2229 vagiebat
544 2164 653 2213 ††·4.
740 2162 962 2213 Multam
1024 2163 1201 2232 itaque
1262 2163 1482 2232 predam
1542 2163 1834 2229 abducens,
1897 2162 2140 2215 Rhenum

279 2238 576 2283 transmeat.

404 2366 439 2419 *j
476 2369 742 2421 quicumque
778 2368 895 2409 illius
931 2368 1194 2408 videbantur
1228 2383 1252 2408 a
1289 2369 1477 2422 Belgica
1512 2374 1593 2411 ext.
1662 2369 1775 2411 Ekle.

383 2442 440 2495 **)
478 2445 660 2484 consilio
697 2445 935 2485 Giselberti
981 2444 1104 2484 ducis
1139 2445 1352 2496 Belgicae
1388 2450 1431 2485 et
1464 2445 1730 2485 Theoderici
1775 2446 1948 2486 comitis
1991 2458 2141 2486 sacra-

480 2510 625 2545 mento
661 2506 744 2545 sibi
778 2506 1066 2558 astringebat.
1133 2507 1238 2546 Otto
1272 2520 1376 2546 vero
1411 2506 1576 2558 Belgas
1612 2508 1888 2560 comperiens
1923 2519 1948 2545 a
1981 2519 2028 2547 se
2064 2505 2139 2546 de·

480 2566 639 2606 fecisse
675 2573 717 2606 et
752 2567 808 2607 ad
843 2567 1131 2606 Ludewicum
1167 2568 1445 2615 confluxisse,
1480 2568 1648 2609 Rheno.
1720 2566 1830 2608 Ekk.

362 2640 442 2691 ***)
478 2643 526 2682 B.
564 2655 661 2682 cum
699 2644 895 2683 exercitu
927 2643 1186 2695 ingreditur.
1252 2643 1364 2686 Ekk.

405 2716 443 2767 ἦ)
481 2719 522 2758 d.
550 2718 782 2758 Nitebatur
817 2721 933 2759 enim
968 2721 1060 2760 acsi
1095 2733 1147 2759 ex
1180 2725 1364 2773 paterna
1399 2720 1638 2761 traditione
1671 2721 1876 2774 princeps
1909 2719 2006 2759 fieri
2037 2718 2140 2759 Bel-

481 2780 626 2830 gicae.
692 2779 746 2818 Id
781 2793 884 2820 vero
910 2785 1061 2820 contra
1084 2782 1151 2821 ius
1176 2794 1309 2833 agere
1336 2781 1731 2834 calumpniabatur,
1767 2794 1865 2821 cum
1891 2781 1983 2821 eius
2018 2785 2143 2834 pater

482 2845 659 2892 propter
693 2840 949 2881 selavorum
982 2842 1309 2882 infestationem
1345 2843 1563 2883 Saxoniae
1595 2846 1781 2891 tantum,
1816 2854 1928 2895 quae
1953 2846 2019 2882 est
2041 2854 2143 2894 pars

485 2900 762 2951 Germaniae,
800 2902 886 2941 dux
921 2905 1181 2943 constitutus
1216 2904 1285 2943 sit.
1349 2903 1461 2943 Ekk.

388 2971 449 3026 ἢ)
487 2974 527 3015 (1.
564 2980 665 3015 tunc
701 2990 740 3016 a.
774 2978 818 3016 in
854 2991 890 3016 c.
925 2980 1109 3031 vagiret.
1175 2979 1286 3019 Eleia.

386 3094 421 3134 a)
451 3096 517 3134 Re,
548 3105 602 3135 ca,
633 3101 682 3134 at,
711 3097 785 3137 fau,
815 3098 893 3129 Rhe
923 3100 1013 3130 absc.
1117 3099 1154 3141 b)
1184 3110 1349 3141 namque
1378 3101 1459 3133 add.
1493 3102 1525 3135 1.
1611 3099 1643 3140 c)
1673 3100 1854 3132 favebant
1882 3101 1913 3133 1.
1991 3097 2028 3139 d)
2059 3106 2143 3130 eam

290 3145 382 3176 absc.
487 3144 523 3184 e)
549 3145 731 3183 Belgicae
760 3147 843 3177 loca
874 3150 903 3178 1.
1007 3147 1034 3189 f)
1065 3158 1131 3181 rex
1162 3151 1191 3183 1.
1292 3149 1330 3190 g)
1360 3159 1427 3191 Pro
1459 3151 1492 3182 1.

415 3254 457 3305 1)
494 3256 614 3304 Quae
640 3261 893 3307 sequuntur,
932 3257 1242 3309 Ekkehardus,
1267 3261 1400 3299 alium
1425 3265 1472 3300 ut
1493 3260 1668 3300 videtur
1690 3264 1858 3301 textum
1881 3265 2073 3312 secutus,
2098 3260 2143 3299 in

293 3328 416 3355 suum
452 3328 576 3355 usum
612 3318 846 3365 convertit;
894 3318 937 3356 iu
973 3319 1129 3358 codice
1164 3320 1265 3360 stilo
1302 3321 1508 3361 continuo
1542 3325 1734 3370 exarata,
1785 3334 1868 3361 nec
1902 3325 1950 3362 ut
1982 3333 2144 3373 magna.
2207 3359 2218 3374 Ι

294 3375 394 3415 libri
426 3377 555 3429 primi
589 3389 690 3429 pars
727 3379 986 3429 corrigendo
1021 3380 1196 3421 turbata
1229 3386 1343 3421 sunt.
1470 3380 1517 3432 2)
1551 3381 1622 3421 Ita
1657 3382 1787 3422 etiam
1821 3381 1950 3422 Flod.
1975 3394 2015 3422 a.
2041 3381 2144 3421 939.
2216 3400 2220 3405 =

295 3436 578 3488 Burgundiae
615 3436 700 3476 dux
744 3438 1027 3490 intelligitur-3
1065 3441 1119 3480 cf.
1144 3441 1389 3491 Diimmler,
1424 3443 1527 3482 Otto
1553 3443 1588 3482 Ι.
1621 3456 1664 3496 p.
1687 3441 1744 3481 88
1768 3455 1812 3482 n.
1935 3440 1984 3493 3)
2016 3440 2144 3492 Quod

292 3495 420 3536 Flod.
456 3498 542 3536 iam
577 3502 677 3537 ante
712 3500 917 3538 narravit.
1013 3502 1058 3550 4)
1093 3501 1220 3551 Quod
1254 3515 1308 3542 ne
1343 3515 1441 3542 cum
1475 3503 1542 3543 his
1577 3502 1756 3555 quidem
1791 3503 1997 3544 convenit
2030 3516 2143 3556 quae

294 3556 331 3605 I,
366 3557 406 3596 4.
447 3558 514 3598 14.
551 3557 619 3596 24.
657 3559 728 3598 39.
763 3559 926 3599 retulit.
