2240 3879
467 230 719 271 RICHERI
752 229 1168 271 HISTORIARUM
1201 227 1384 268 LIBER
1416 228 1526 268 1111.
1831 226 1913 266 169

74 366 359 432 Italicam1,
388 384 447 418 eo
475 366 614 435 quod
641 385 770 418 anus
798 375 948 431 esset,
979 365 1116 416 facto
1145 363 1367 414 divortio
1394 362 1703 430 repudiavit.
1769 364 1917 427 Quae
1936 373 2018 406 992·

76 435 378 505 repudiata,
432 453 550 486 cum
596 453 657 487 ea
704 454 836 504 quae
885 453 952 486 ex
999 433 1118 483 dote
1163 439 1439 499 acceperat
1482 442 1717 499 repetere
1763 431 1918 483 vellet

76 523 174 556 nec
223 505 270 556 ei
318 523 412 556 rex
458 505 845 573 adquiesceret,
892 502 1138 554 aliorsum
1185 500 1420 550 animum
1468 501 1782 551 transvertit.
1868 501 1918 550 A

78 592 179 642 qua
216 575 370 625 etiam
411 573 493 625 die
533 592 627 624 sua
667 590 936 642 quaerens,
975 571 1089 638 regi
1124 568 1341 620 insidias
1380 567 1707 620 moliebatur.
1780 569 1919 619 Nam

74 642 506 693 Monasteriolum
544 651 798 707 castrum,
853 639 991 709 quod
1038 640 1092 688 in
1141 638 1260 689 dote
1311 646 1612 706 acceperat,
1662 637 1729 688 ad
1767 655 1918 687 suum

75 711 157 761 ius
194 711 469 763 refundere
509 712 745 780 cupiens,
784 728 903 761 cum
939 707 993 758 id
1020 707 1229 759 efficere
1254 725 1356 758 non
1386 715 1579 775 posset,
1619 724 1771 757 secus
1799 724 1916 757 eum

75 778 218 830 aliud
253 782 464 832 nomine
505 820 720 831 .......
737 788 756 812 ³
795 777 1052 842 extruxit,
1090 794 1215 843 rege
1252 777 1460 827 interim
1488 784 1739 843 occupato
1779 776 1920 825 circa

78 848 279 901 Odonis
306 858 356 900 et
383 849 628 900 Fulconis
653 849 900 899 facinora.
962 846 1050 896 Ex
1077 846 1226 895 cuius
1251 846 1536 896 munitione
1569 844 1921 895 arbitrabatur

74 936 228 986 posse
267 936 473 969 omnem
520 918 732 969 navium
778 914 1229 967 convectationem
1274 914 1565 982 prohiberi,
1613 932 1734 964 cum
1782 911 1917 963 sibi¹D

75 986 413 1038 advenientes
452 1005 563 1038 sese
588 987 732 1055 prius
760 984 1019 1049 offerrent,
1059 983 1198 1034 unde
1226 992 1276 1034 et
1302 984 1374 1034 eis
1402 983 1677 1033 transitum
1705 981 1918 1033 ulterius

73 1055 309 1108 inhibere
345 1055 556 1108 valeret.

577 1155 657 1205 88.
731 1151 1119 1221 Reprehensioc
1157 1151 1365 1219 repudii
1380 1161 1413 1200 ⁰.

211 1238 385 1288 Huius
445 1237 651 1306 repudii
711 1235 877 1288 scelus
938 1236 1003 1286 ad
1063 1233 1350 1299 nonnullis,
1403 1235 1493 1303 qui
1547 1232 1919 1301 intelligentiae

74 1307 300 1375 purioris
325 1306 484 1373 fuere,
525 1307 679 1358 satise
706 1305 1025 1357 laceratume
1066 1322 1125 1354 eo
1153 1313 1388 1373 tempore
1421 1303 1534 1368 fuit,
1574 1302 1709 1353 clam
1743 1310 1920 1354 tamen

75 1393 171 1427 nec
209 1377 408 1445 patenti
443 1375 819 1444 refragratione
860 1371 1141 1442 culpatum.

538 1506 617 1556 89.
694 1503 956 1556 Sinodusf
991 1501 1216 1554 Chelaef
1247 1501 1441 1552 habita.

213 1588 388 1639 Huius
421 1590 673 1656 temporis
702 1588 887 1639 diebus
917 1606 1034 1637 cum
1062 1605 1093 1637 a
1118 1605 1259 1654 papa
1281 1586 1516 1636 Romano
1539 1584 1880 1636 Benedictog·
1899 1593 1917 1619 2

75 1655 339 1708 abdicatio
379 1657 583 1708 Arnulfi
634 1666 684 1708 et
720 1658 979 1725 promotio
1020 1655 1265 1707 Gerberti
1301 1654 1539 1723 plurimis
1578 1652 1919 1721 epistolarum

76 1727 284 1795 scriptis
306 1727 760 1791 calumniarentur,
782 1726 1015 1794 episcopi
1037 1743 1244 1793 quoque
1265 1726 1340 1774 rei
1358 1723 1659 1774 huiusmodi
1678 1732 1918 1773 auctores

76 1794 334 1864 simulque
372 1804 423 1847 et
459 1795 547 1846 alii
585 1806 949 1864 cooperatores
977 1794 1197 1845 diversis
1223 1793 1718 1861 reprehensionibus
1744 1791 1917 1843 redar-

74 1874 378 1932 guerentur,
429 1864 626 1934 placuit
673 1864 937 1932 episcopis
979 1861 1180 1914 Galliae
1229 1863 1283 1912 in
1333 1880 1495 1912 unum
1542 1862 1822 1913 convenire
1869 1868 1919 1911 et

73 1952 231 2002 super
266 1933 364 1984 hac
401 1933 801 2003 reprehensione
841 1931 1126 1983 consulere.
1211 1931 1415 1995 Quibus
1457 1930 1685 1982 Chelae3
1737 1929 2023 1989 collec-Mai,

70 2003 161 2068 tis,
232 2002 445 2053 sinodus
515 2003 693 2054 habita
762 2011 856 2053 est.
974 2000 1074 2052 Cui
1144 2000 1425 2052 Rotbertus
1500 2018 1596 2050 rex
1667 1998 1915 2069 presedit,

73 2071 464 2123 considentibus
520 2069 962 2139 metropolitanis,
1020 2069 1275 2121 Gerberto
1332 2069 1604 2133 Remensi,
1667 2070 1753 2119 cui
1807 2076 1916 2118 tota

73 2140 388 2191 sinodalium
428 2158 702 2192 causarum
730 2140 861 2190 ratio
889 2139 1218 2191 discutienda
1246 2139 1525 2189 commissa
1549 2136 1662 2202 fuit,
1693 2137 1913 2204 Siguino

73 2227 281 2278 quoque
321 2209 639 2274 Senonensi,
679 2207 1062 2260 Erchembaldo
1101 2209 1392 2265 Turonico,
1430 2207 1687 2258 Daiberto
1725 2207 1916 2258 Bituri-

73 2281 214 2330 censi
269 2278 491 2348 aliisque
538 2279 726 2329 horum
776 2276 1299 2346 comprovintialibus
1343 2275 1620 2327 nonnullis.
1705 2276 1769 2325 In
1816 2291 1918 2343 qua

69 2356 353 2417 postquam
392 2367 460 2400 ex
495 2356 704 2416 patrum
742 2347 964 2398 decretis
1002 2348 1228 2398 rationes
1268 2346 1331 2396 de
1371 2353 1510 2396 statu
1549 2351 1760 2394 sanctae
1798 2360 1914 2394 aec·
1983 2358 1990 2363 ·

71 2415 258 2468 (zlesiae
296 2417 713 2485 promulgarunt,
750 2417 885 2467 inter
921 2414 1171 2465 nonnulla
1209 2413 1355 2464 utilia
1392 2414 1639 2464 constitui
1677 2422 1727 2463 et
1763 2412 1914 2463 robo-

69 2486 174 2536 rari
210 2484 425 2554 placuit,
463 2494 520 2536 ut
556 2485 621 2536 ab
662 2504 723 2536 ea
760 2484 843 2535 die
880 2484 1021 2534 idem
1055 2485 1320 2547 sentirent,
1360 2483 1499 2533 idem
1526 2480 1735 2545 vellent,
1773 2481 1914 2532 idem
1932 2500 2144 2542 Act.4,32.

71 2562 507 2623 cooperarentur,
558 2552 849 2605 secundum
884 2552 939 2603 id
991 2552 1134 2620 quod
1182 2553 1433 2619 scriptum
1473 2560 1573 2601 est:
1649 2550 1794 2601 ‘Erat
1840 2550 1913 2600 eis

72 2641 162 2674 cor
197 2642 359 2674 unum
397 2631 448 2674 et
484 2624 659 2673 anima
696 2624 828 2672 una'.
902 2621 1136 2671 Decerni
1173 2630 1224 2672 et
1247 2620 1376 2670 illud
1406 2619 1634 2683 voluere,
1674 2630 1744 2685 ut,
1786 2619 1829 2669 si
1861 2621 1914 2669 in

72 2692 305 2761 qualibet
341 2693 598 2744 aecclesia
635 2708 999 2759 quaecumque
1037 2690 1253 2740 tirannis
1292 2697 1595 2757 emergeret,
1642 2706 1772 2756 quae
1812 2686 1913 2738 telo

71 2761 417 2812 anathematis
470 2761 738 2813 ferienda¹¹
793 2759 1084 2824 videretur,
1146 2758 1199 2808 id
1253 2759 1493 2826 inprimis
1549 2756 1614 2808 ab
1672 2755 1913 2808 omnibus

72 2829 449 2881 consulendum
503 2838 554 2881 et
603 2831 677 2880 sic
725 2829 991 2880 communi
1040 2827 1247 2878 decreto
1297 2826 1619 2896 agitandum.
1704 2827 1774 2877 Et
1825 2827 1915 2893 qui

70 2898 399 2951 anathemate
452 2897 723 2949 relaxandi
776 2897 996 2962 forenti,
1065 2895 1273 2948 decreto
1330 2896 1594 2947 communi
1642 2894 2158 2951 siniilite1·erob.4,19-

69 2967 400 3034 relaxandos,
438 2968 589 3018 iuxta
627 2966 768 3036 quod
806 2967 1060 3035 scriptum
1098 2973 1196 3016 est:
1261 2964 1570 3017 ‘Consilium
1608 2983 1638 3016 a
1677 2965 2022 3033 sapiente-f01‚
2054 2987 2111 3021 54,

71 3036 340 3107 perquire'.
403 3035 640 3088 *Placuit
676 3053 884 3104 quoque
923 3035 1162 3100 saneirik,
1203 3035 1245 3085 si
1285 3034 1411 3103 quid
1443 3053 1473 3085 a
1510 3051 1650 3102 papa
1674 3034 1912 3084 Romano

169 3191 205 3235 a)
234 3194 330 3225 locus
356 3202 488 3225 vacuus
514 3194 663 3225 relictus.
765 3190 803 3231 b)
834 3200 864 3224 c.
886 3191 990 3231 prius
1019 3191 1305 3222 advenientibus
1320 3200 1347 3222 s.
1365 3191 1515 3222 offerret
1528 3194 1564 3222 et
1580 3192 1610 3222 1.
1716 3187 1749 3230 c)
1777 3189 1844 3229 Re,
1873 3197 1912 3220 re

71 3242 164 3274 absc.
266 3241 304 3283 d)
333 3251 381 3273 an
407 3251 444 3273 n.
472 3252 498 3274 c.
603 3240 637 3281 e)
661 3241 839 3280 postaclcl.
940 3238 969 3279 f)
1000 3239 1053 3280 Si,
1082 3238 1158 3271 Che
1178 3239 1268 3271 absc.
1372 3238 1409 3278 g)
1437 3241 1480 3270 B.
1509 3249 1535 3270 c.
1638 3236 1675 3277 h)
1705 3237 1914 3276 iugulanda.

71 3299 246 3330 superscr.
274 3291 457 3322 ferienda.
558 3288 586 3330 i)
615 3293 703 3320 sunt
731 3290 762 3319 1.
863 3286 902 3327 k)
933 3297 960 3320 S.
989 3291 1030 3319 ut
1059 3290 1088 3318 1.

196 3370 241 3425 1)
274 3372 434 3412 Filiam
466 3371 724 3424 Berengarii
758 3371 818 3411 II.
865 3370 1006 3420 regis3
1040 3383 1081 3408 V.
1118 3369 1170 3408 V.
1206 3367 1413 3417 Bertulfi,
1448 3369 1589 3420 Bouq.
1623 3367 1684 3415 X,
1718 3380 1761 3419 p.
1795 3366 1908 3415 365;

72 3431 181 3473 Gen.
220 3445 329 3472 com.
353 3433 550 3482 Flandr„
585 3432 662 3472 SS.
696 3432 773 3480 IX,
807 3444 848 3483 p.
883 3429 984 3468 306.
1112 3428 1153 3480 2)
1188 3428 1383 3468 Iohanne
1406 3429 1531 3476 XVI;
1564 3439 1663 3466 nam
1688 3426 1911 3466 Benedic-

0 3522 1 3535 i
68 3495 138 3533 tus
169 3493 269 3534 VII.
306 3505 344 3532 a.
379 3493 480 3533 983.
514 3493 696 3532 obierat.
823 3487 871 3542 3)
907 3488 1098 3529 Chelles.
