2240 3879
208 369 292 402 9⁷8.

113 2328 126 2342 ‘
154 2340 187 2371 p.
218 2330 301 2363 623.

317 220 399 258 112
758 217 1012 258 RICHERI
1045 216 1466 257 HISTORIARUM
1498 216 1683 257 LIBER
1720 217 1807 257 III.

770 357 849 408 73.
925 356 1146 408 Oratioa
1184 354 1393 407 Ottonis
1430 354 1535 405 ada
1573 372 1709 407 suos,

455 442 591 493 ‘Non
627 440 693 493 ab
732 459 818 507 re,
843 440 943 491 viri
982 438 1123 504 clari,
1160 439 1265 489 huc
1301 456 1396 489 vos
1437 440 1745 491 convenisse
1770 437 1929 491 volui.
1989 438 2172 490 Virtus

312 519 490 564 vestra
527 500 849 580 suggessiffa
874 509 1025 560 vobis
1054 507 1331 559 consilium
1358 518 1623 577 expetere,
1663 527 1792 578 quos
1823 516 1874 560 et
1899 508 2172 576 ingenium

312 581 528 633 decorat
565 591 616 633 et
653 581 815 631 animi
850 581 1015 630 virtus
1052 579 1313 630 informat.
1384 578 1497 629 Nec
1543 578 1786 630 dubitavi
1828 596 1912 629 me
1963 595 2173 647 suscep-

312 660 491 703 turum
529 669 559 702 a
596 651 746 702 vobis
785 650 970 718 optimi
1008 647 1211 699 consilii
1259 647 1541 713 rationem,
1592 666 1713 699 cum
1750 648 1816 699 ab
1853 648 2029 698 animo
2067 665 2174 698 non

313 721 623 786 excesserit,
676 728 869 788 quanto
919 719 1122 785 animo,
1179 726 1375 787 quanta
1420 718 1615 769 virtute
1662 718 1716 768 in
1765 717 1867 768 fide
1918 716 2172 768 hactenus

312 790 629 860 perstitistis.
703 789 841 840 Ante
878 789 1005 854 hac,
1051 789 1185 839 virib
1226 787 1516 852 clarissimi,
1567 788 1768 856 ingenti
1812 787 2040 839 virtutec
2076 804 2172 855 pro

314 861 562 928 egregiae
608 858 780 909 laudis
829 858 1027 909 honore
1075 866 1125 909 et
1169 856 1338 926 gloria
1376 858 1653 926 sategistis,
1706 875 1826 907 cum
1864 864 1916 908 et
1953 853 2172 908 consilio

314 930 442 980 clari
481 938 532 980 et
567 927 704 980 bello
742 928 927 979 invicti
964 929 1241 978 enituistis.
1315 927 1470 978 Nunc
1509 945 1720 996 quoque
1759 926 1944 978 eadem
1981 927 2176 979 Virtute

313 999 588 1050 nitendum
627 1006 718 1062 est,
756 1017 823 1049 ne
849 996 994 1047 laudi
1020 998 1263 1065 egregiae
1290 1006 1362 1048 tui
1376 998 1458 1065 pis
1485 997 1703 1047 infamia
1729 995 1989 1047 succedat.
2051 995 2176 1046 Eni-

312 1069 485 1121 timini
525 1068 687 1137 ergod
724 1086 819 1137 pro
859 1065 1076 1133 viribus,
1117 1075 1168 1117 et
1206 1068 1249 1117 si
1287 1066 1414 1136 quid
1451 1067 1725 1119 dedecoris
1764 1066 2119 1132 contraxistis,
2145 1083 2177 1116 a

313 1147 463 1190 tanta
500 1137 811 1189 claritudine
849 1138 1156 1188 amoveatis.
1230 1137 1351 1188 Non
1401 1155 1497 1188 vos
1548 1136 1700 1202 latet,
1748 1135 1907 1205 fugae
1951 1135 2193 1203 ignomi-'

314 1210 458 1259 niam
510 1227 541 1259 a
589 1207 837 1260 Lothario
885 1226 1054 1276 nuper
1102 1225 1198 1258 nos
1246 1206 1537 1276 pertulisse.
1626 1207 1801 1271 Quam
1850 1223 1957 1257 non
2007 1204 2177 1256 solum

313 1277 475 1345 bello,
533 1278 627 1329 sed
675 1280 832 1329 etiam
875 1286 1042 1329 morte
1086 1276 1388 1345 repelleree,
1443 1285 1493 1328 et
1535 1284 1766 1328 vestram
1810 1274 2176 1327 claritudinem

316 1349 481 1414 decet,
521 1355 572 1399 et
608 1355 815 1417 tempus
843 1348 1100 1416 exposcit,
1139 1345 1358 1397 facultas
1385 1348 1542 1397 etiam
1568 1345 1868 1416 persuadet.
1933 1345 1991 1397 Si
2016 1346 2179 1413 igitur

313 1419 483 1486 magis
521 1418 782 1486 imperare
821 1436 979 1486 quam
1017 1417 1211 1468 servire
1249 1418 1419 1486 parati
1457 1417 1579 1468 estis
1607 1426 1636 1479 ¹,
1687 1415 1812 1466 dum
1850 1423 1994 1466 aetas
2035 1416 2180 1484 viget

314 1489 628 1556 animusque
667 1486 820 1553 valet,
858 1486 958 1537 hoc
997 1486 1200 1536 facinus
1239 1505 1304 1537 ne
1343 1485 1754 1555 parvipendatis.
1828 1484 2038 1553 Ingenti
2075 1485 2178 1535 vir-

314 1566 424 1608 tute
471 1557 676 1621 efficite,
729 1564 788 1607 ut
834 1557 945 1606 sitis
994 1555 1286 1621 formidini,
1346 1554 1536 1623 quibus
1594 1553 1854 1623 ignobiles
1902 1563 1953 1606 et
1990 1552 2177 1623 vulgus

313 1626 519 1678 fuistis'.
594 1627 711 1677 Hac
751 1625 1009 1677 sententia
1044 1624 1098 1675 id
1136 1624 1250 1676 fieri
1289 1623 1532 1676 omnibus
1570 1643 1884 1694 persuasum
1922 1631 2014 1676 est.

806 1742 887 1791 74.
962 1739 1281 1809 Equitatusf
1314 1740 1370 1790 in
1408 1737 1687 1790 Galliamg.

455 1826 666 1877 Interea
718 1825 843 1878 Otto
896 1843 1016 1875 cuni
1060 1825 1234 1876 30000
1281 1824 1518 1893 equitum
1567 1825 1622 1874 in
1662 1823 1862 1876 Gallias
1910 1824 1984 1874 ire
2027 1841 2179 1892 para-

315 1897 421 1947 bat.
522 1895 633 1946 Nec
682 1904 915 1946 moratus
975 1895 1245 1964 premissis
1294 1895 1689 1947 centurionibus
1737 1892 1863 1946 ibat.
1951 1892 2179 1945 Galliam

321 1964 577 2016 Celticam
604 1965 626 1997 h
678 1965 916 2016 exercitu
982 1964 1236 2034 implevit.
1363 1965 1538 2029 Quam
1602 1965 1796 2034 partim
1865 1963 2179 2030 combussit,

320 2035 514 2104 partim
574 2033 924 2103 depopulatus
992 2044 1086 2085 est.
1204 2034 1292 2086 Sic
1361 2035 1519 2086 etiam
1585 2052 1739 2086 versa
1809 2035 1926 2085 vice
1989 2031 2206 2087 Lothaz

320 2105 457 2154 rium
512 2103 808 2173 adurgens,
867 2122 928 2155 eo
987 2103 1127 2173 quod
1185 2103 1409 2155 militum
1473 2105 1683 2173 copiam
1743 2122 1851 2155 non
1910 2103 2179 2168 habeoeti,

317 2173 540 2224 fluvium
597 2174 900 2243 Sequanam
963 2174 1185 2226 transire
1249 2173 1502 2243 compulit
1567 2182 1618 2225 et
1671 2172 2066 2242 gemebundum
2115 2172 2183 2224 ad

321 2244 509 2296 ducem
548 2244 623 2294 ire
663 2244 851 2313 coegit.
926 2243 1149 2295 Turbati
1187 2261 1310 2312 ergo
1349 2244 1621 2312 repentino
1668 2244 1898 2294 hostium
1935 2242 2182 2309 adventu,

320 2332 416 2364 rex
469 2313 746 2381 Stampas2
797 2313 951 2379 adiit,
1002 2313 1144 2363 *dux
1194 2332 1318 2364 vero
1371 2314 1440 2364 ad
1488 2312 1843 2382 colligendum
1889 2313 2182 2365 exercitum

321 2383 511 2435 Parisii
548 2383 756 2435 resedit.
830 2383 974 2433 Dum
1013 2383 1144 2435 haec
1182 2392 1425 2451 aguntur,
1467 2383 1592 2436 Otto
1632 2401 1755 2434 cum
1792 2383 2029 2434 exercitu
2064 2400 2196 2452 pro-1

323 2461 474 2523 perat
523 2452 815 2522 fiscumque
865 2453 1068 2520 regium
1116 2452 1421 2504 Atiniacum
1471 2453 1651 2522 diripit
1699 2460 1857 2522 atque
1903 2451 2188 2504 comburit.-

323 2525 394 2576 Et
428 2542 522 2592 per
559 2523 690 2574 fines
728 2523 873 2574 urbis
911 2523 1199 2574 Remorum
1237 2524 1515 2590 transiens,
1554 2530 1736 2574 sancto
1774 2522 2015 2591 Remigio
2053 2519 2182 2573 mul-

322 2603 434 2646 tum
471 2592 724 2644 honorem
773 2592 1026 2646 exhibuit.
1111 2592 1315 2645 Urbem
1365 2611 1577 2664 quoque
1630 2592 1944 2645 Suessorum
1990 2599 2183 2661 preter-

321 2681 550 2732 gressus,
589 2671 640 2714 et
677 2670 917 2713 sanctum
952 2662 1268 2714 Medardum
1304 2681 1580 2729 venerans,
1629 2663 1884 2732 palatium
1923 2661 2183 2732 Compen-

324 2734 505 2784 diense
564 2751 700 2801 pene
762 2732 995 2800 diripuit.
1091 2732 1203 2784 Nec
1268 2734 1441 2784 minus
1504 2733 1835 2785 centuriones
1897 2732 2068 2802 previi
2121 2747 2182 2783 eo

323 2804 597 2870 ignorante
637 2811 847 2853 sanctae
878 2801 1119 2854 Baltildis
1159 2804 1537 2855 monasterium
1575 2803 1718 2872 apud
1747 2801 1936 2855 Chelas
1972 2801 2182 2870 penitus

325 2871 645 2923 subruerunt
668 2879 823 2941 atque
851 2873 1265 2924 combusserunt.
1311 2873 1469 2938 Quod
1493 2891 1601 2925 non
1625 2872 1960 2924 mediocriter
1985 2869 2183 2936 dolens,

325 2940 489 2992 multa
525 2944 581 2992 in
617 2942 727 2992 eius
763 2943 1197 2994 restaurationem
1236 2942 1514 3012 delegavit.
1583 2942 1822 2994 Tandem
1857 2941 1926 2993 ad
1962 2940 2183 2992 fluvium

330 3010 631 3080 Sequanam
678 3013 900 3063 accessit
943 3013 1122 3081 ibique
1159 3014 1420 3065 exercitus
1470 3014 1693 3065 tentoria
1739 3011 1878 3076 fixit,
1921 3011 2183 3062 Parisium

326 3081 382 3131 in
417 3089 704 3149 prospectu
740 3080 956 3147 habens,
1010 3090 1277 3151 totamque
1326 3101 1462 3152 pene
1510 3084 1781 3152 regionem
1819 3099 1914 3150 per
1951 3080 2183 3132 triduum

327 3150 678 3220 depopulatus
717 3159 810 3201 est.
897 3152 1026 3221 (75).
1083 3152 1239 3204 Ibant
1276 3171 1401 3221 ergo
1442 3153 1643 3222 equites
1691 3170 1811 3202 cum
1847 3149 1969 3201 lixis
2007 3149 2185 3220 palan-

428 3315 464 3357 a)
494 3316 535 3357 O,
566 3317 612 3348 ad
633 3316 725 3349 absc.
827 3315 864 3356 b)
896 3327 939 3349 vc
967 3327 994 3349 e.
1111 3316 1143 3358 c)
1174 3327 1206 3350 v,
1235 3319 1426 3357 sategistis
1457 3318 1488 3348 1.
1603 3315 1641 3355 d)
1664 3320 1747 3356 post
1775 3317 1857 3349 add.
1980 3315 2016 3358 e)
2045 3326 2061 3348 c
2088 3323 2197 3350 corros

328 3364 744 3456 Spsggeipipeilendum?
787 3364 832 3405 l).
996 3365 1024 3406 f)
1066 3368 1095 3397 E
1123 3367 1216 3400 absc.
1366 3365 1404 3407 g)
1443 3366 1590 3398 Gallias
1622 3368 1651 3396 1.
1802 3364 1841 3406 h)
1882 3365 2031 3399 Gallias
2059 3374 2118 3398 ex.
2147 3366 2191 3397 1.-

458 3521 501 3576 1)
534 3522 672 3577 magis
708 3547 762 3552 —
798 3525 896 3565 escis
932 3525 1115 3567 Sallusti
1147 3529 1247 3566 sunt
1280 3525 1428 3575 verba,
1455 3523 1584 3566 catil.
1621 3538 1657 3566 c.
1695 3524 1764 3565 20.
1878 3521 1924 3578 2)
1955 3525 2181 3578 Etampes.
