2240 3879
215 394 297 425 991.

124 445 209 477 Iun.
240 445 297 476 17.

53 589 222 642 θθῐῢῗῖ.
242 607 298 641 18.

133 938 144 949 ⁸
163 949 199 979 p.
217 939 298 971 647.

183 1044 212 1065 c.
246 1033 300 1066 19.

110 1166 123 1176 ⁸
136 1167 200 1200 fol.
231 1167 298 1199 50¹.

178 1607 211 1629 c.
244 1597 300 1629 23.

321 239 405 281 160
745 237 998 278 RICHERI
1031 236 1449 278 HISTORIARUM
1480 238 1664 279 LIBER
1698 237 1809 278 1111.

317 379 548 449 proferat
588 384 714 446 quot
750 375 894 428 vulta
934 376 1266 441 sententiasb,
1307 385 1464 445 atque
1505 377 1679 426 omnia
1717 395 1851 445 quae
1888 376 1957 427 ad
1993 375 2166 427 defen-

318 451 517 501 sionem
554 447 774 516 paravit,
811 446 897 497 hic
935 464 1110 497 coram
1149 444 1222 495 nil
1258 454 1494 496 metuens
1534 445 1780 497 effundat.
1854 445 2028 516 Atque
2066 444 2167 496 hoc

318 516 741 570 constituendum
766 534 900 581 reor,
939 524 997 566 ut
1032 514 1167 566 ultra
1203 514 1276 566 eis
1314 514 1622 566 defensandi
1657 514 1803 566 locus
1829 533 1936 567 non
1961 522 2165 584 pateat3

316 588 400 639 hic
438 595 639 640 tantum
676 603 817 636 nunc
856 586 1083 653 cogitata
1120 583 1358 635 edicant⁷.
1416 585 1565 635 Tunc
1602 585 1851 653 Signinus
1887 586 2166 654 episcopus

316 656 523 710 Arnulfi
560 663 810 707 statutum
847 653 1108 723 approbat
1156 673 1217 705 ac
1272 653 1620 706 decretalibus
1678 654 2000 706 interdictisc
2060 654 2169 704 vio-

316 725 664 780 lari'inhibet.
705 724 761 776 Si
799 724 1061 793 quispiam
1100 724 1259 793 ergod
1299 723 1425 793 quid
1463 724 1635 776 dicere
1673 722 1846 790 habet,
1885 732 1943 775 ut
1980 723 2169 789 edicat,

316 804 596 850 ammonet.

562 925 674 976 *67.
747 922 1037 974 Defensioe
1077 922 1470 975 scolasticorum
1493 933 1511 956 θ
1552 940 1645 991 pro
1683 920 1920 976 Arnulf0.

456 1012 527 1063 Et
564 1029 684 1062 cum
722 1007 900 1078 plures
938 1007 1009 1058 ibi
1050 1009 1368 1073 assisterent,
1407 1008 1496 1077 qui
1531 1009 1587 1058 in
1624 1007 1924 1059 defensione
1949 1006 2172 1057 niteren-

318 1090 417 1147 tur,
469 1081 690 1133 maximi
734 1086 911 1129 tamen
961 1077 1259 1129 defensores
1306 1078 1450 1129 fuere
1499 1076 1720 1129 abbates
1770 1076 1926 1129 Abbo
1973 1074 2173 1127 Floria-

321 1153 521 1204 censisl
563 1158 613 1202 et
648 1147 959 1201 Ramnulfus
1001 1147 1316 1199 Senonensis
1335 1158 1368 1212 2,
1415 1151 1603 1216 *atque
1641 1146 1901 1198 Iohannes
1941 1144 2172 1196 scolasti-

322 1240 411 1272 cus
459 1218 924 1272 Autisiodorensis.
998 1217 1071 1267 Hi
1118 1218 1257 1269 enim
1310 1218 1528 1269 scientia
1578 1215 1733 1268 simul
1779 1225 1828 1268 et
1875 1214 2173 1284 eloquentia

319 1294 454 1343 inter
492 1308 611 1342 suos
649 1289 882 1356 insignes
920 1286 1263 1338 habebantur.
1325 1287 1395 1339 Et
1432 1287 1631 1338 indicto
1660 1285 1881 1351 silentio,
1917 1284 2173 1336 librorum

321 1361 486 1412 multa.
522 1359 794 1412 volumina
831 1364 1014 1426 aperta
1052 1365 1186 1423 sunt,
1225 1356 1389 1408 multa
1429 1374 1637 1425 quoque
1668 1374 1736 1407 ex
1761 1364 1969 1424 patrum
1997 1353 2173 1406 decre-

321 1432 385 1482 tis
430 1430 658 1500 prolata,
709 1426 960 1478 nonnulla
1010 1427 1167 1477 etiam
1213 1426 1280 1476 ad
1329 1425 1688 1477 defensionem
1736 1425 1958 1477 obiecta.
2031 1424 2174 1475 Inter

324 1519 456 1570 quae
495 1506 716 1569 quatuor
753 1495 1112 1566 principaliter
1150 1495 1465 1546 obiciebant.
1538 1493 1767 1547 Aiebant
1812 1497 1967 1560 enim,
2014 1493 2175 1562 inpri-

321 1572 420 1620 mis
459 1588 579 1621 eum
618 1585 741 1619 suae
780 1565 891 1617 sedi
928 1565 1335 1630 restituendum3
1375 1563 1562 1615 deinde
1599 1563 1913 1631 legittimam
1951 1563 2000 1614 ei
2022 1580 2177 1614 voca-

321 1642 519 1691 tionem
555 1635 934 1701 adhibendam,
980 1642 1093 1685 tum
1131 1652 1339 1704 quoque
1378 1635 1617 1685 Romano
1666 1633 1903 1702 pontifici
1938 1632 1994 1684 id
2029 1633 2176 1683 inno-

323 1708 655 1774 tescendumg
714 1714 764 1758 et
818 1713 1085 1774 postremo
1141 1704 1403 1774 pontificis
1478 1704 1702 1754 Romani
1757 1703 2065 1754 auctoritate
2119 1701 2176 1752 in

323 1777 557 1849 generali
596 1775 781 1828 sinodo
819 1785 988 1826 totum
1024 1774 1227 1826 facinus
1274 1773 1675 1825 discutiendum.
1750 1773 1867 1824 Hoc
1904 1772 2062 1824 etiam
2100 1789 2175 1823 se-

323 1848 555 1900 cundum
593 1848 797 1898 divinas
837 1854 887 1897 et
922 1844 1180 1895 humanas
1217 1842 1358 1913 leges
1406 1842 1809 1913 approbandum
1854 1841 2174 1894 asserebant.

811 1977 891 2027 (38.
965 1975 1286 2026 Infirmatiof
1321 1974 1635 2025 defensionis
1649 1974 1675 2025 f.

461 2062 546 2114 Ab
585 2061 745 2113 altera
785 2077 910 2111 vero
949 2067 1096 2129 parte
1134 2077 1444 2127 responsum
1484 2067 1576 2123 est,
1616 2078 1733 2110 eum
1774 2058 1887 2111 sedi
1922 2058 2174 2128 pristinae

323 2151 429 2184 non
464 2131 858 2195 restituendum,
912 2148 972 2180 eo
1012 2128 1153 2198 quod
1193 2127 1361 2196 culpis
1401 2128 1808 2180 evidentissimis
1845 2147 1876 2179 a
1911 2126 2175 2197 probabili

324 2211 625 2254 accusatore
673 2200 959 2265 convictus,
1015 2199 1083 2249 ad
1133 2197 1340 2266 flagicia
1387 2199 1556 2266 inagis
1607 2216 1844 2267 preceps,
1901 2215 2058 2267 quam
2107 2196 2174 2248 ad

324 2272 590 2341 religionis
627 2270 880 2321 honorem
918 2278 968 2320 et
1003 2267 1336 2319 dominorum
1373 2268 1531 2319 fidem
1559 2267 1864 2319 commodus
1894 2266 2174 2318 videretur.

325 2341 436 2393 Nec
472 2342 576 2392 iam
614 2340 750 2391 ultra
788 2357 903 2391 esse
949 2338 1270 2402 vocandum,
1324 2357 1445 2389 cum
1491 2347 1611 2405 post
1668 2337 1978 2406 proditionis
2027 2335 2173 2387 nefas

325 2430 420 2481 per
474 2430 567 2462 sex
623 2410 899 2461 continuos
954 2427 1159 2460 menses
1213 2417 1429 2459 vocatus
1484 2408 1641 2458 fuerit
1695 2416 1747 2458 et
1799 2405 1867 2457 ad
1919 2406 2175 2458 rationem

325 2481 504 2533 venire
553 2479 941 2548 contempserit.
1029 2479 1267 2529 Romano
1314 2496 1437 2529 vero
1485 2476 1721 2546 pontifici
1768 2475 2026 2528 notificari
2067 2493 2175 2526 non

326 2570 497 2621 posse,
520 2569 579 2602 00
603 2549 743 2619 quod
763 2549 962 2600 itineris
984 2546 1260 2598 difficultas
1281 2554 1436 2616 atque
1457 2547 1791 2597 inimicorum
1808 2547 1981 2597 minae
1994 2544 2049 2596 id
2063 2543 2175 2614 plu-

326 2623 518 2672 rimum
567 2619 1015 2689 proliiberentg·3.
1087 2617 1152 2669 Id
1188 2619 1352 2669 veroh
1392 2616 1600 2668 sceleris
1637 2617 1742 2667 iam
1777 2633 1884 2667 non
1921 2633 2035 2666 esse
2073 2614 2175 2665 dis-

329 2690 648 2755 cutiendum,
688 2707 808 2740 cum
834 2698 1001 2740 totum
1029 2694 1305 2753 constaret,
1345 2695 1615 2738 accusator
1646 2687 1843 2737 crimen
1882 2683 2176 2737 intenderet

329 2779 389 2812 ac
436 2760 823 2811 firmamentum
867 2757 1145 2827 multiplex
1191 2757 1420 2819 afferret;
1470 2775 1588 2808 reus
1632 2774 1758 2807 vero
1799 2755 2065 2807 convictus
2102 2752 2175 2804 nil

303 2839 508 2882 ‚contra
561 2828 772 2881 valeret.
846 2828 946 2879 His
1001 2829 1376 2897 episcoporum
1430 2827 1699 2878 sententiis
1755 2825 1920 2876 multa
1972 2824 2175 2876 ratione

329 2898 561 2969 prolatis,
601 2898 898 2950 defensores
937 2897 1142 2948 cedunt.
1219 2897 1346 2966 (69.)
1422 2896 1627 2961 Quibus
1665 2914 1696 2946 a
1731 2894 2031 2947 defensione
2070 2911 2176 2945 ces-

330 2969 582 3036 santibus,
639 2968 876 3037 episcopi
930 2966 1057 3017 nihil
1110 2966 1254 3017 aliud
1298 2984 1588 3034 superesse,
1646 2965 1747 3016 nisi
1795 2963 2074 3015 Arnulfum
2121 2963 2175 3014 in

330 3039 563 3090 medium
598 3037 931 3089 statuendum
946 3037 974 3103 i,
1013 3036 1310 3102 censebant,
1337 3044 1395 3087 ut
1419 3053 1514 3104 pro
1542 3054 1598 3087 se
1625 3052 1759 3104 quae
1783 3034 1939 3086 vellet
1962 3050 2176 3102 respon-

430 3195 466 3236 a)
494 3196 545 3226 bis
571 3196 735 3235 scriptum
763 3200 851 3228 erae.
951 3194 990 3236 b)
1019 3195 1231 3227 sensentias
1258 3203 1350 3226 corr.
1378 3194 1601 3226 sententias,
1703 3190 1736 3232 c)
1761 3192 1859 3223 inter
1881 3190 2122 3233 {interdictis
2148 3186 2182 3224 c(

333 3244 370 3285 d)
396 3249 477 3285 post
505 3245 585 3275 add.
712 3247 746 3284 c)
776 3245 946 3285 Defensi,
981 3245 1142 3275 ticorum
1170 3243 1260 3274 absc.
1377 3242 1406 3283 f)
1435 3242 1539 3281 Infir,
1568 3242 1740 3273 defensio
1766 3240 1858 3273 absc.
1975 3239 2012 3280 g>
2040 3241 2175 3272 Discu-

333 3295 503 3327 tiendum
531 3302 620 3324 vero
647 3294 765 3324 multa
793 3295 938 3325 ratione
967 3296 997 3326 1.
1099 3291 1136 3333 h)
1160 3296 1242 3332 post
1270 3292 1350 3323 αιῐιῖ.
1454 3291 1480 3332 i)
1508 3290 1795 3331 producendum
1824 3292 1857 3321 1.
2170 3297 2193 3357 ἑ

458 3418 502 3472 1)
537 3419 606 3458 Ita
639 3418 770 3458 etiam
806 3417 1063 3467 Gerbertus3
1099 3417 1176 3458 sed
1210 3417 1437 3457 Abbonem
1473 3419 1576 3455 tunc
1609 3414 1799 3455 nondum
1823 3414 1996 3455 abbatis
2031 3388 2187 3467 digni-³

335 3483 469 3518 tatem
513 3484 689 3520 nactum
730 3479 879 3527 fuisse,
926 3477 1099 3519 Gnadet
1131 3479 1314 3518 monuit.
1484 3475 1530 3528 2)
1566 3475 1777 3516 Senones.
1965 3474 2012 3529 3)
2047 3476 2174 3515 Haeo

335 3538 447 3579 falsa
481 3552 589 3590 esse,
623 3539 823 3580 Gerberti
853 3538 1044 3579 ostendit
1076 3540 1265 3579 narratio
1301 3552 1338 3579 c.
1374 3537 1428 3575 25
1463 3550 1559 3589 sqq.
