2240 3879
506 248 756 289 RICHERI
789 248 1198 290 HISTORIARUM
1232 248 1414 288 LIBER
1447 248 1506 287 11.
1873 249 1927 289 85

99 396 150 440 et
185 386 251 437 ab
289 387 361 438 eis
409 384 645 438 roborari
695 387 972 438 constituit.
1055 385 1335 452 Hugonem
1384 402 1591 453 quoque
1640 385 1925 437 Galliarum
1945 402 2024 432 949.

99 456 285 507 ducem
340 456 394 506 in
448 455 751 524 supradicta
806 454 987 505 sinodo
1035 453 1376 521 dampnatum
1428 455 1540 522 ipse
1596 456 1751 505 etiam
1804 473 1922 506 con-

99 525 362 592 dempnat,
414 524 580 575 donec
623 526 737 593 regi
775 542 866 575 suo
906 521 1186 573 satisfaciat
1223 530 1312 572 aut
1348 521 1569 573 Romam
1606 525 1780 575 veniat
1804 525 1924 576 inde

96 594 510 647 ratiocinaturus,
590 594 822 661 Moxque
871 591 1147 643 anathema
1196 591 1515 660 descriptum
1565 600 1615 643 et
1663 611 1691 643 a
1744 593 1926 645 sinodo

96 662 398 714 roboratum
437 663 698 731 episcopis
738 660 1026 713 Galliarum
1065 660 1366 711 destinatur.

235 732 316 784 96.
372 731 657 800 Episcopil
697 732 872 800 itaque
912 727 1199 781 Galliarum
1237 729 1563 782 anathemate
1600 731 1742 797 moti,
1787 730 1928 799 apud
1947 744 2030 776 950.

98 800 287 852 ducem
360 800 669 868 colliguntur
734 807 785 850 et
843 797 964 850 inde
1023 800 1330 866 gravissime
1392 808 1798 868 conqueruntur,
1861 818 1928 851 ex

99 869 320 921 decretis
380 878 587 938 patrum
649 869 913 936 sacrisque
974 867 1261 919 canonibus
1324 867 1443 919 duci
1501 869 1927 935 demonstrantes,

98 940 362 991 neminem
400 946 535 990 stare
571 938 907 1006 pertinaciter
943 936 1193 988 adversus
1230 938 1499 988 dominum
1550 957 1700 989 suum
1738 938 1928 990 debere

97 1025 195 1058 nec
219 1016 414 1060 temere
439 1009 493 1057 in
518 1024 636 1057 eum
664 1007 945 1075 quicquam
972 1005 1158 1057 moliri.
1196 1005 1334 1058 Illud
1360 1008 1516 1058 etiam
1537 1008 1928 1076 promptissime

97 1085 411 1142 monstrant,
458 1075 744 1127 secundum
792 1075 1088 1144 apostoltun
1130 1095 1308 1144 regem
1355 1076 1831 1143 honorificandum,
1881 1086 1930 1129 et
1947 1102 2040 1134 Rom
2063 1103 2166 1145 13,1.

96 1163 202 1197 non
241 1145 407 1196 solum
444 1163 640 1213 regem,
677 1163 859 1196 verum
907 1163 1113 1196 omnem
1161 1152 1475 1214 potestatem
1522 1148 1771 1197 maiorem
1812 1146 1929 1197 sub-

94 1215 242 1266 iectis
281 1214 539 1265 dominari
576 1212 766 1265 debere
805 1223 1058 1265 asserunt.
1131 1216 1313 1266 Preter
1347 1215 1477 1266 haec
1515 1234 1722 1284 quoque
1760 1218 1929 1283 perni-

97 1284 447 1334 ciosissimum
485 1301 613 1349 esse,
650 1283 995 1352 apostolicum
1034 1286 1310 1335 anathema
1346 1286 1681 1352 pertinaciter
1714 1285 1929 1354 vilipen-

95 1352 232 1419 dere,
289 1370 408 1404 cum
461 1352 515 1404 id
571 1354 637 1404 sit
690 1351 895 1421 gladius
955 1355 1044 1423 qui
1090 1362 1327 1422 penetrat
1373 1358 1596 1422 *corpus
1644 1373 1809 1423 usque
1863 1355 2038 1406 ad⁸f01·
2065 1363 2123 1396 31-

95 1422 324 1473 animam
392 1429 443 1473 et
498 1422 574 1473 sic
638 1422 977 1474 mortificatos
1029 1442 1059 1474 a
1113 1441 1275 1492 regno
1324 1421 1597 1474 beatorum
1654 1425 1929 1492 spirituum

92 1490 325 1559 repellat.
401 1491 513 1542 Sibi
551 1493 709 1542 etiam
763 1491 994 1560 periculo
1042 1511 1169 1558 esse,
1219 1500 1532 1557 memorant,
1584 1493 1626 1543 si
1679 1493 1734 1544 id
1790 1495 1928 1562 quod

94 1559 373 1611 animabus
409 1560 701 1628 perleulum
739 1561 929 1630 ingerit
965 1560 1300 1630 neglegentes
1337 1581 1439 1613 non
1478 1563 1824 1614 innotescant.

232 1631 312 1681 97.
369 1628 586 1681 Talibus
636 1630 747 1680 dux
795 1649 1091 1698 persuasus,
1137 1632 1249 1698 regi
1296 1630 1560 1682 humiliter
1602 1631 1927 1683 reconciliari

94 1698 332 1768 deposcit
387 1700 538 1768 eique
592 1698 978 1751 satisfacturum
1034 1719 1145 1751 sese
1200 1699 1486 1767 pollicetur.
1572 1700 1745 1752 Huius
1810 1719 1926 1752 con-

95 1767 303 1819 cordiae
341 1776 391 1820 et
425 1769 573 1836 pacis
611 1768 932 1820 ordinatores
981 1769 1123 1821 fuere
1172 1769 1478 1821 Chonradus
1526 1770 1635 1820 dux
1680 1780 1729 1822 et
1764 1770 1925 1839 Hugo

94 1845 438 1906 cognomento
453 1837 631 1906 Niger,
652 1837 919 1889 Adalbero
942 1857 1147 1908 quoque
1174 1847 1329 1908 atque
1349 1839 1629 1892 Fulbertus
1652 1841 1924 1908 episcopi2.

92 1905 163 1957 Et
199 1907 283 1957 die
321 1908 599 1958 constituta
634 1926 728 1959 rex
766 1915 817 1959 et
854 1907 963 1958 dux
1011 1910 1348 1973 conveniunt,
1410 1926 1471 1959 ac
1518 1926 1664 1960 secus
1709 1908 1926 1960 fluvium

91 1976 386 2027 Matronam
441 1974 724 2042 conlocuti,
778 1976 1106 2046 principibus
1160 1977 1408 2046 predictis
1462 1979 1816 2045 internuntiis,
1872 1981 1924 2028 in

93 2063 349 2096 summam
406 2045 739 2096 concordiam
794 2046 1165 2114 benignissime
1225 2046 1506 2099 redierunt.
1603 2047 1672 2098 Et
1732 2057 1923 2116 quanto

90 2113 450 2165 vehementius
487 2122 606 2165 ante
642 2116 696 2165 in
734 2133 844 2167 sese
870 2117 1096 2183 grassati
1120 2115 1278 2182 fuere,
1315 2124 1458 2168 tanto
1485 2116 1708 2186 amplius
1735 2117 1925 2168 exinde

90 2183 320 2234 amicitia
356 2202 410 2235 se
448 2182 667 2235 coluere.
737 2184 898 2253 Hugo
942 2187 1118 2254 itaque
1157 2185 1266 2236 dux
1315 2204 1410 2254 per
1446 2205 1630 2237 manus
1669 2195 1720 2238 et
1756 2205 1923 2238 sacra-

89 2260 323 2303 mentum
359 2254 498 2321 regis
525 2252 748 2305 efficitur
784 2272 845 2304 ac
890 2255 1072 2305 turrim
1097 2254 1459 2305 Laudunicam
1487 2257 1592 2306 suis
1618 2265 1923 2307 evacuatam

88 2322 202 2390 regi
248 2321 446 2388 reddit3
500 2322 717 2374 multam
764 2323 956 2375 abinde
1000 2323 1159 2374 fidem
1200 2343 1253 2376 se
1293 2332 1618 2375 servaturum
1654 2324 1920 2394 pollicens
1990 2351 1997 2356 ·

228 2391 309 2443 98.
363 2391 543 2442 Iussus
581 2409 704 2460 ergo
743 2393 807 2444 ab
844 2411 984 2461 rege,
1021 2394 1074 2442 in
1108 2393 1448 2462 Aquitaniam
1486 2395 1774 2445 exercitum
1810 2396 1921 2463 regi
1940 2410 2023 2443 951.

89 2468 253 2528 parat.
329 2460 446 2524 Quo
483 2461 538 2510 in
572 2460 721 2512 brevi
759 2460 988 2527 collecto,
1037 2464 1208 2513 causis
1254 2481 1428 2513 rerum
1474 2463 1806 2530 exigentibus
1851 2464 1919 2514 ad

88 2529 358 2579 interiores
395 2529 733 2597 Burgundiae
770 2539 944 2598 partes
989 2549 1084 2581 rex
1131 2549 1308 2581 secum
1355 2533 1643 2583 exereitum
1691 2533 1918 2600 dirigit³³.

92 2597 227 2649 Cum
266 2614 388 2666 ergo
426 2598 480 2648 in
517 2616 643 2665 agro
668 2598 1130 2650 Matisconensium
1171 2609 1340 2651 castra
1375 2600 1572 2669 figeret,
1612 2603 1835 2653 occurrit
1871 2603 1917 2652 ei

87 2665 314 2718 Karolus
365 2665 760 2733 Constantinus,
813 2668 1048 2719 Viennae
1103 2670 1325 2720 civitatis
1380 2671 1645 2738 princeps,
1703 2672 1916 2739 eiusque

92 2735 328 2801 efficitur,
375 2735 533 2786 fidem
582 2736 913 2788 iureiurando
963 2745 1165 2805 pactus.
1249 2738 1352 2788 Hic
1398 2757 1465 2790 ex
1511 2741 1653 2807 regio
1741 2740 1916 2792 uidem

89 2823 278 2873 genere
315 2812 466 2856 natus
504 2813 627 2869 erat,
666 2806 757 2857 sed
795 2807 1123 2858 concubinali
1161 2815 1431 2858 stemmate
1469 2827 1635 2878 usque
1671 2826 1724 2859 a(
1775 2811 1916 2862 trita-

87 2891 212 2925 vum
273 2874 548 2940 sordebat,
603 2876 683 2925 vir
730 2875 1026 2944 grandevus
1081 2884 1131 2927 et
1183 2875 1358 2927 multis
1405 2876 1660 2929 bellorum
1709 2879 1915 2930 casibus

91 2944 395 3011 saepissime
432 2945 653 3009 attritus,
694 2952 778 2995 eta
817 2946 905 3013 qui
942 2946 997 2995 in
1035 2946 1389 3014 superioribus
1415 2947 1701 3015 piratarum
1727 2948 1915 2999 tumul-

86 3010 226 3062 tibus
261 3011 399 3064 felici
425 3030 710 3082 congressu
733 3014 950 3081 insignis
984 3013 1278 3066 multotiesa
1315 3016 1512 3066 enituit.
1567 3016 1733 3068 Affuit
1757 3019 1914 3069 etiam

89 3079 384 3150 Stephanus
409 3082 766 3133 Arvernorum
809 3081 1016 3151 presulb
1054 3101 1114 3135 ac
1150 3084 1261 3151 regi
1299 3102 1409 3135 sese
1448 3086 1722 3137 commisit.
1783 3086 1915 3137 Nec-

86 3167 192 3200 non
247 3158 297 3201 et
349 3169 380 3202 a
433 3150 679 3202 wilelmo
734 3150 1116 3221 Aquitanorum
1173 3153 1407 3222 principe
1460 3152 1619 3222 legati
1673 3154 1913 3206 industrii

88 3217 295 3284 affuere,
332 3237 428 3288 pro
467 3238 560 3271 suo
597 3220 836 3288 principe
874 3238 940 3271 ex
978 3220 1081 3272 fide
1115 3221 1353 3274 habenda
1379 3232 1699 3274 sacramenta
1726 3223 1913 3275 daturi.

186 3351 222 3393 a)
245 3358 328 3392 poet
355 3355 436 3387 add.
537 3353 576 3395 b)
603 3355 780 3394 princeps
817 3357 848 3387 1.

212 3467 252 3517 1)
290 3468 390 3508 Hac
426 3470 479 3510 de
522 3482 567 3509 re
600 3469 707 3509 nihil
747 3468 1036 3510 Flodoardus.
1170 3467 1217 3521 2)
1250 3471 1459 3512 Metensis
1493 3475 1536 3512 et
1569 3471 1914 3513 Cameracensis.

89 3524 137 3578 3)
169 3524 258 3567 Sed
292 3533 519 3580 antequam
553 3529 731 3571 eandem
767 3527 1064 3583 ingrederetur
1089 3529 1364 3582 provinciam
1395 3531 1526 3572 Flod.
