2240 3879
525 219 776 259 RIOHERI
809 219 1225 260 HISTORIARUM
1261 219 1439 258 LIBER
1474 221 1532 258 11.
1886 221 1942 258 45

106 357 279 421 Quam
318 374 438 406 cum
483 375 513 406 a
551 355 907 424 superioribus
952 355 1126 406 hostes
1173 355 1392 423 rupibus
1443 356 1738 422 opprimere
1789 374 1941 407 cona-

101 433 295 489 rentur,
335 444 365 475 a
403 426 684 492 sagittariis
731 424 962 494 undiquc
1008 423 1274 492 dispositis
1324 423 1698 475 contumeliose
1746 425 1941 493 repulsi

101 502 236 546 sunt.
309 492 394 544 Ad
431 512 606 545 arcem
644 495 820 562 itaque
870 493 1112 543 machina
1156 492 1397 556 deducta,
1448 509 1628 542 murus
1681 512 1746 543 ex
1793 503 1940 561 parte

100 563 352 615 suffossus
391 570 546 631 atque
584 581 793 614 eversus
833 569 925 612 est.
986 562 1179 612 Hostes
1206 561 1593 612 multitudinem
1620 571 1940 612 armatorum

98 651 194 701 per
241 632 379 682 hunc
424 631 624 683 hiatum
674 630 924 700 possibile
968 631 1229 682 introduci
1267 630 1623 694 formidantes,
1673 649 1818 680 arma
1856 631 1940 681 dc-

99 708 303 770 ponunt
339 719 400 750 ac
438 703 637 768 regiam
677 700 1016 751 clemenciam
1049 698 1346 768 implorant.
1421 700 1535 750 Rex
1563 716 1687 766 ergo
1714 698 1940 767 amplius

100 769 405 822 tumultuari
462 770 774 838 prohibens,
831 769 1053 820 intactos
1099 786 1233 837 pene
1285 768 1710 836 comprehendit,
1769 775 1943 835 preter

97 839 193 890 hos
233 839 321 908 qui
358 840 412 889 in
449 838 661 890 militari
696 836 923 889 tumultu
959 839 1178 888 sauciati
1228 837 1387 897 fuere,
1428 855 1652 906 suosque
1692 836 1759 887 ad
1797 838 1940 889 urbis

98 907 317 960 tutelam
353 909 406 958 in
444 926 564 958 arce
602 908 859 976 deposuit.

196 1008 275 1057 11.
327 1006 496 1057 Dolus
534 1006 739 1056 Arnulfi
777 1014 969 1074 atquea
1007 1005 1189 1074 oppidi
1226 1004 1614 1056 Monasteriolia
1654 1008 1846 1074 captio.

236 1091 417 1142 Haecl
466 1091 590 1140 dum
628 1099 949 1158 gererentur,
999 1088 1252 1139 Arnulfus
1302 1090 1569 1158 predictus
1616 1090 1942 1140 Morinorum

98 1162 343 1229 princeps
380 1159 588 1210 Erluini
627 1160 882 1229 oppidum
921 1176 1070 1209 secus
1121 1177 1265 1209 mare
1316 1159 1474 1209 situm
1511 1158 1941 1210 Monasteriolum

97 1230 340 1279 nomine2
398 1247 522 1280 suae
570 1231 707 1297 parti
754 1228 947 1279 addere
998 1229 1247 1296 cogitans,
1306 1246 1366 1278 eo
1423 1227 1563 1296 quod
1613 1246 1681 1278 ex
1728 1229 1942 1278 navium

98 1298 554 1350 advectationibus
592 1298 713 1349 inde
751 1296 926 1366 plures
975 1304 1188 1365 questus
1238 1299 1565 1365 proveniant,
1613 1296 1942 1366 adipiscendi

98 1367 315 1418 insidias
355 1369 720 1435 componebat.
776 1367 973 1435 Dirigit
997 1367 1174 1434 itaque
1202 1367 1458 1434 quosdam
1486 1384 1699 1416 suorum
1727 1365 1940 1416 callidos

103 1438 158 1487 in
205 1445 349 1488 veste
397 1435 618 1502 abiecta,
667 1434 813 1486 dolos
866 1435 1216 1501 dissimulans,
1273 1435 1341 1485 ad
1393 1435 1656 1504 quendam
1706 1434 1941 1486 eiusdem

98 1506 284 1575 oppidi
321 1505 609 1571 custodem,
659 1524 814 1575 quem
864 1506 1021 1556 etiam
1067 1505 1120 1554 in
1168 1504 1462 1573 proditione
1510 1522 1616 1554 non
1667 1504 1941 1555 diffidebat

97 1574 417 1626 facillimum.
477 1574 581 1638 Qui
607 1575 847 1643 ingressi,
874 1592 991 1625 eum
1006 1576 1027 1607 ἲ)
1054 1592 1085 1624 a
1113 1574 1324 1624 domino
1354 1573 1580 1624 salutant
1605 1591 1666 1624 ac
1690 1572 1940 1642 loquendi

99 1645 506 1714 oportunitatem
544 1652 742 1712 petunt.
802 1643 1068 1695 Secedunt
1106 1661 1247 1712 ergO.
1303 1641 1387 1693 Illi
1412 1650 1615 1693 tantum
1643 1660 1755 1694 esse
1781 1660 1939 1710 nego-

97 1715 229 1765 tium
267 1721 483 1782 propter
522 1713 663 1781 quod
702 1720 952 1764 venerant
990 1712 1308 1778 simulantes,
1362 1721 1434 1777 ut,
1479 1730 1510 1761 a
1560 1730 1661 1781 quo
1710 1712 1942 1763 exordiri

96 1790 332 1852 possent,
394 1783 602 1851 penitus
661 1784 988 1851 ignorarent,
1059 1781 1437 1850 aliquantisper
1497 1781 1764 1832 herebant.
1870 1780 1941 1830 Et

97 1852 313 1904 tandem
350 1853 697 1920 suspirantes:
736 1852 852 1901 ‘Eia
889 1853 969 1915 te',
1007 1852 1266 1919 inquiunt,
1306 1849 1597 1901 ‘Rotberte!
1638 1851 1718 1900 eia
1744 1859 1794 1900 te
1821 1850 1942 1900 Rot-

96 1920 280 1973 berte'l
339 1953 399 1958 —
459 1922 532 1971 sic
582 1921 719 1972 enim
769 1920 1057 1972 vocabatur
1114 1951 1176 1955 ——
1234 1921 1456 1988 ‘quantis
1512 1918 1660 1969 malis
1718 1918 1942 1986 elapsus,

99 1993 304 2060 quantis
330 1989 577 2058 periculis
606 1998 884 2058 exemptus
912 2008 981 2054 es,
1022 1997 1072 2039 et
1099 1991 1279 2057 quanti
1305 1989 1522 2057 insuper
1534 1990 1554 2020 ¹³
1594 1987 1943 2039 secundarum

97 2078 274 2111 rerum
311 2059 408 2111 tibi
447 2058 704 2111 debentur
741 2059 1056 2109 successus⁷l
1125 2058 1195 2108 Et
1233 2058 1406 2108 statim
1444 2056 1772 2125 protulerunt
1811 2055 1942 2107 duos

99 2127 298 2193 anulos,
348 2127 478 2178 alter
526 2145 770 2192 aureum,
821 2126 952 2178 alter
1012 2145 1138 2178 vero
1187 2126 1429 2179 ferreum.
1532 2126 1617 2177 <Et
1667 2126 1818 2191 Vide’,
1868 2127 1942 2175 in-

101 2199 300 2268 quiunt,
341 2197 485 2266 ‘quid
521 2197 576 2247 in
614 2196 692 2247 his
730 2196 986 2266 perpendi
1021 2195 1224 2248 valeat'.
1301 2196 1419 2260 Quo
1459 2195 1588 2264 quid
1626 2205 1762 2246 esset
1798 2196 1943 2263 igno-

99 2277 265 2333 rante,
300 2265 375 2317 illi
410 2274 778 2336 prosecuntur:
836 2267 915 2317 ‘In
939 2284 1067 2317 auro
1096 2265 1232 2316 dona
1270 2265 1530 2334 egregiae,
1570 2265 1623 2315 in
1659 2264 1796 2316 ferro
1834 2265 1944 2314 vin-

1958 372 2040 404 938.

1960 1099 2039 1131 939.

103 2336 217 2387 cula
254 2354 477 2387 carcerls
514 2344 659 2403 puta.
733 2335 899 2387 Instat
938 2336 1130 2387 etenim
1178 2343 1400 2403 tempus,
1450 2352 1553 2402 quo
1600 2340 1650 2384 et
1689 2333 1944 2402 oppidum
1991 2357 1998 2362 ·

101 2405 200 2456 hoc
237 2406 293 2455 in
328 2406 410 2455 ius
450 2404 703 2474 *[alterius
719 2405 757 2475 d]
801 2404 1095 2455 'concedat
1169 2404 1418 2454 Tacenda
1456 2404 1584 2453 haec
1628 2410 1750 2453 tuae
1788 2401 1942 2451 fideie

103 2475 493 2525 committimus
566 2474 670 2524 Res
707 2472 861 2524 vobis
897 2474 1091 2525 nesciis
1129 2473 1385 2541 disposita
1424 2481 1515 2523 est.
1589 2470 1696 2521 Nos
1736 2488 1943 2539 quoque

101 2543 158 2594 id
195 2545 369 2612 ipsum
422 2545 629 2611 penitus
679 2543 999 2610 ignoramus.
1083 2541 1156 2592 At
1208 2542 1283 2592 rei
1340 2558 1597 2591 summam
1654 2540 1784 2590 scire
1839 2557 1944 2589 non

103 2630 373 2681 negamus.
464 2612 690 2662 Mortem
744 2610 1006 2679 loquimur
1064 2618 1155 2660 aut
1209 2609 1442 2661 exilium.
1534 2608 1689 2660 Unde
1745 2617 1795 2659 et
1848 2608 1944 2659 tibi

104 2680 355 2732 Arnulfus
406 2697 579 2732 comes
631 2678 919 2744 consulens,
975 2678 1179 2731 futurae
1232 2677 1395 2729 cladis
1445 2677 1795 2729 calamitatem
1850 2695 1945 2746 per

105 2768 197 2801 sua
242 2750 438 2801 indicia
483 2748 823 2818 significavit3
871 2748 1099 2812 hortans,
1146 2754 1203 2797 ut
1248 2747 1314 2798 ad
1364 2765 1475 2798 sese
1520 2754 1752 2797 transeas
1791 2753 1841 2796 et
1878 2744 1943 2796 ab

107 2837 167 2872 eo
205 2820 318 2870 auri
356 2827 407 2870 et
442 2819 647 2886 argenti
684 2819 912 2886 insignia
956 2824 1320 2885 terrarumque
1369 2816 1573 2884 copiam
1618 2833 1679 2866 ac
1721 2815 1944 2866 militum

105 2887 492 2940 multitudinem
541 2888 771 2956 accipias
827 2904 947 2936 cum
1008 2885 1145 2936 dono
1201 2886 1357 2953 regis.
1450 2885 1514 2936 In
1559 2903 1743 2936 manus
1794 2884 1947 2935 Nort-

105 2975 433 3023 mannorum,
474 2975 578 3026 qua
623 2964 732 3007 arte
774 2956 1052 3019 nescimus,
1104 2955 1158 3004 in
1204 2956 1447 3024 proximo
1495 2954 1605 3005 sitis
1654 2953 1946 3005 deventuri.

107 3025 178 3078 Et
214 3027 342 3096 quid
379 3045 536 3094 super
572 3025 652 3076 his
700 3024 796 3076 tibi
832 3025 1003 3074 visum
1048 3023 1221 3088 fuerit,
1267 3024 1435 3074 amico
1472 3042 1567 3092 per
1602 3040 1697 3073 nos
1734 3041 1816 3074 res
1837 3039 1946 3072 ion-

107 3094 231 3147 dere
268 3114 332 3147 ne
370 3095 613 3146 differas'.
686 3093 779 3144 Ille
817 3091 1102 3161 cupiditate
1147 3091 1350 3156 ductus,
1396 3092 1746 3161 proditionem
1785 3042 1946 3141 aildu-

108 3161 279 3216 bitatf.
353 3162 587 3215 Herebat
644 3180 768 3231 ergo
819 3170 1051 3230 stupens·
1124 3161 1380 3230 Proponit
1423 3162 1523 3214 sibi
1570 3160 1781 3211 tandem
1830 3177 1946 3227 pro-

208 3297 244 3338 a)
273 3307 306 3339 a,
335 3299 348 3330 l
375 3298 467 3331 absc.
580 3297 618 3337 b)
643 3301 725 3337 post
751 3297 832 3330 add,
933 3294 965 3334 c)
995 3296 1101 3333 regia
1130 3296 1162 3326 1.
1264 3294 1301 3334 d)
1329 3295 1380 3325 ita
1407 3295 1469 3333 P.‚·
1504 3294 1710 3325 vocabulum
1737 3293 1768 3323 si
1794 3292 1949 3323 exstabat

107 3349 188 3384 post
213 3347 251 3377 in
278 3347 353 3387 fine
384 3348 540 3386 payinae
574 3346 770 3386 suppletum
805 3346 876 3375 iam
910 3344 975 3383 qui
1009 3343 1140 3382 nequit.
1242 3342 1276 3385 e)
1303 3343 1336 3375 h.
1364 3343 1435 3374 tibi
1466 3344 1494 3373 l.
1597 3341 1624 3380 f)
1654 3351 1690 3381 p.
1719 3341 1879 3380 spondet
1905 3349 1949 3371 ac

112 3393 255 3425 iuratus
282 3395 394 3427 fidem
422 3396 485 3426 dat
513 3396 545 3436 1,
572 3396 631 3425 sed
657 3404 735 3425 mom
761 3394 824 3424 del.

236 3492 280 3546 1)
313 3495 440 3535 Haeo
472 3495 664 3535 breviter
695 3491 827 3533 Flod.
859 3504 898 3532 a.
934 3491 1034 3532 939.
1069 3494 1229 3531 narrat.
1356 3490 1402 3541 2)
1436 3487 1688 3530 Montreuil.

1961 2403 1972 2414 ’
1990 2414 2025 2444 p.
2056 2403 2139 2437 590.

1960 2451 2048 2484 ‘f01.
2081 2454 2134 2486 17.
