2240 3879
104 350 185 383 979.

37 566 122 596 Iun.
152 565 187 598 8.

13 610 75 654 'p.
103 614 191 646 627.

108 1359 190 1391 982.

204 199 290 238 120
612 193 867 235 RICHERI
899 193 1319 235 HISTORIARUM
1353 193 1537 233 LIBER
1569 193 1657 233 III.

206 332 524 404 Compendii
548 332 774 403 collegit.
822 332 1012 403 Ibique
1039 349 1071 382 a
1095 330 1230 383 duce
1255 331 1576 401 reliquisque
1600 331 1932 402 principibus
1956 331 2062 384 Lu-

207 405 427 456 dovicus
453 420 550 454 rex
575 403 919 468 adclamatus,
945 420 1041 471 per
1059 400 1524 470 metropolitanum
1544 402 1853 471 episcopum
1874 402 2061 454 Remo-

205 492 338 540 rum,
360 473 551 541 dignae
570 472 819 524 videlicet
837 472 1123 523 memoriae
1144 469 1551 535 Adalberonem,
1580 479 1759 523 sancta
1778 471 1863 523 die
1882 480 2061 540 pente-

207 550 376 595 costes
390 543 445 592 in
457 560 681 611 regnum
694 542 1020 593 Francorum
1039 547 1314 610 promotus
1326 549 1444 592 estl.
1456 539 1684 592 Duobus
1699 559 1824 610 ergo
1839 559 2063 610 regnan-

207 611 350 665 tibus
389 611 502 662 dux
540 611 734 663 *multa
771 610 1077 663 affabilitate
1114 628 1177 660 ac
1212 608 1470 661 famulatu
1506 608 1787 679 multiplici
1822 629 1918 680 per
1949 612 2062 663 dies

206 681 383 753 plures
423 700 535 733 sese
574 679 1001 746 commendabat,
1040 679 1171 731 adeo
1197 681 1399 749 regiam
1427 678 1740 748 dignitatem
1765 699 1862 750 per
1887 681 2065 731 omnia

209 750 481 818 extollens,
532 760 582 803 et
620 760 766 801 sesea
804 751 878 802 eis
919 748 1244 818 supplicemb
1292 756 1610 815 monstrans3
1660 768 1714 801 se
1764 750 1923 801 etiam
1958 749 2064 801 fac-

206 830 383 874 turum
439 819 726 890 pollicenS,
781 827 839 871 ut
892 820 1049 871 ambo
1106 819 1350 889 gentibus
1404 820 1511 869 iam
1558 819 1769 870 domitis
1823 827 2068 887 potenter

204 892 542 959 imperarent,
580 890 863 941 indomitas
903 907 1112 958 quoque
1152 889 1467 940 efficaciterc
1492 897 1940 940 mansuescerent.
1999 888 2067 941 Id.

205 961 363 1011 etiam
400 959 768 1025 meditabatur,
804 967 862 1010 ut
897 960 953 1009 in
990 958 1211 1010 diversis
1248 959 1425 1028 regnis
1463 959 1622 1028 positi
1656 960 1859 1027 regiam
1903 957 2069 1010 domi-

206 1029 472 1080 nationem
514 1037 835 1095 exercerent,
873 1047 940 1080 ne
976 1030 1132 1080 unius
1170 1030 1322 1098 regni
1357 1029 1604 1098 angustia
1629 1028 1854 1080 duorum
1879 1047 2067 1098 regum

208 1099 471 1150 maiestati
506 1099 730 1149 nimium
767 1098 1064 1166 derogaret.

210 1199 292 1250 92.
365 1198 502 1250 Item
538 1200 801 1268 promotio
839 1197 1102 1249 Ludovici
1139 1198 1193 1248 in
1231 1216 1454 1266 regnum
1490 1196 1811 1267 Aquitaniae
1849 1198 2071 1268 eiusque

1012 1268 1271 1319 uxoratio.

348 1353 495 1404 Dum
544 1352 675 1404 haec
723 1352 888 1404 multo
928 1360 1122 1404 conatu
1172 1352 1492 1421 disponeret,
1530 1351 1618 1402 alii
1659 1351 1876 1421 quidam
1912 1352 2070 1403 nimis

210 1420 385 1473 callidi
422 1423 521 1473 hoc
562 1431 848 1491 comperto,
905 1440 1025 1473 cum
1063 1422 1367 1473 huiusmodi
1404 1421 1627 1489 gloriam
1664 1423 1719 1472 in
1757 1440 1870 1473 sese
1906 1429 2074 1472 trans-

208 1491 429 1543 fundere
465 1490 673 1557 vellent,
723 1492 973 1542 Emmam
1019 1493 1257 1560 reginam
1304 1491 1575 1556 adeuntes,
1625 1509 1784 1559 super
1836 1491 2073 1541 maxima

207 1580 263 1612 re
303 1580 357 1613 se
396 1560 726 1613 consulturos
766 1561 1029 1613 dixerunt.
1106 1562 1211 1625 Qui
1262 1562 1493 1629 suscepti
1538 1579 1569 1611 a
1616 1561 1816 1629 regina,
1866 1560 1922 1612 id
1971 1559 2075 1612 sibi

207 1630 378 1682 videri
417 1631 677 1699 optimum
721 1630 984 1697 dixerunt,
1034 1630 1308 1682 Ludovico
1356 1631 1473 1698 Legi
1521 1630 1914 1681 assciscendam
1952 1649 2076 1682 con-

207 1701 386 1769 iugem
424 1699 754 1766 Adelaidem,
803 1700 1139 1769 Ragemundi
1185 1719 1353 1770 nuper
1402 1699 1636 1751 defuncti
1685 1700 1835 1751 ducis
1876 1699 2076 1753 Gotho-

208 1789 326 1820 rum
367 1769 490 1821 olim
527 1788 764 1822 uxorem.
828 1770 900 1821 Et
936 1788 1041 1821 non
1079 1772 1249 1837 magis
1276 1771 1570 1840 potentiam
1595 1769 1854 1838 regnandi
1879 1789 1948 1822 ex
1971 1769 2074 1822 hoc

208 1858 365 1909 posse
402 1841 598 1908 augeri,
641 1858 799 1909 quam
840 1839 942 1891 sibi
977 1840 1227 1891 nonnulla
1266 1840 1545 1891 commoda
1592 1839 1819 1909 adquiri.
1892 1840 2074 1891 Enim-

207 1928 332 1961 vero
370 1909 620 1979 possibile
657 1910 787 1976 fieri,
824 1918 990 1962 totam
1025 1911 1371 1980 Aquitaniam
1409 1909 1669 1979 simulque
1707 1918 1759 1962 et
1785 1910 2074 1961 Gothiamd

210 1996 302 2029 suo
340 1979 561 2048 imperio
599 1980 848 2048 asstringi
884 1997 1056 2047 posse,
1093 1987 1377 2050 postquam
1414 1999 1483 2031 ex
1518 1981 1630 2031 iure
1669 1979 1856 2032 ductae
1892 1980 2075 2031 uxoris

213 2047 410 2117 oppida
446 2049 799 2100 munitissima
835 2050 904 2100 ad
941 2068 1095 2100 suum
1132 2051 1213 2100 ius
1238 2057 1579 2119 retorqueret.
1634 2050 1891 2117 Magnum
1918 2050 2075 2102 etiam

212 2117 464 2187 quiddam
508 2119 563 2168 in
608 2118 707 2169 hac
744 2138 800 2171 re
839 2127 891 2170 et
927 2118 1052 2170 utile
1092 2120 1407 2188 comparari,
1454 2121 1513 2185 si,
1551 2127 1700 2187 patre
1737 2119 1860 2170 hinc
1898 2121 2074 2189 posito

212 2197 263 2239 et
298 2186 442 2238 illinc
491 2187 615 2253 filio,
666 2188 778 2239 dux
829 2190 1093 2256 ceterique
1139 2188 1315 2240 hostes
1354 2190 1409 2239 in
1445 2189 1620 2240 medio
1669 2188 1919 2255 conclusi,
1957 2208 2076 2259 per-

210 2264 370 2326 petuo
407 2266 712 2326 urgeantur.
788 2258 917 2330 (93.)
973 2259 1147 2309 Huius
1194 2259 1412 2310 rationis
1462 2257 1740 2309 consilium
1788 2268 2074 2328 postquam

210 2328 325 2395 regi
363 2336 671 2396 suggestum
723 2336 815 2394 est,
866 2329 1007 2396 apud
1055 2327 1378 2380 Gozfredum
1428 2329 1691 2394 comitem,
1740 2329 1831 2397 qui
1874 2329 2075 2395 aderat,

215 2396 514 2448 ordinatum
551 2397 732 2448 valuit.
806 2398 957 2449 Haec
1008 2398 1143 2449 duce
1182 2399 1460 2467 ignorante
1508 2397 1848 2467 parabantur.
1922 2400 2075 2464 Quae

214 2484 334 2517 cum
372 2475 494 2536 post
530 2467 1005 2532 animadvertisset,
1043 2487 1107 2519 ne
1145 2467 1361 2537 regibus
1398 2469 1512 2519 fieri
1537 2467 1808 2519 videretur
1833 2468 2077 2535 iniurius,

214 2535 586 2587 contumeliam
626 2536 978 2603 dissimulans,
1017 2536 1146 2588 nihil
1181 2539 1391 2607 penitus
1428 2537 1748 2606 refragratus
1788 2546 1882 2590 est.
1936 2539 2076 2591 Inte*

211 2623 302 2656 rea
340 2605 570 2657 collectis
617 2608 766 2676 regni
817 2606 1177 2676 principibus,
1232 2609 1495 2677 equitatus
1538 2607 1716 2676 regius
1759 2607 2074 2676 disponitur,

210 2676 440 2744 insignia
476 2676 624 2745 regia
659 2676 1002 2743 invehuntur,
1052 2677 1157 2729 cibi
1193 2676 1508 2747 multiplices
1534 2678 1778 2746 apparati
1817 2677 2079 2729 vehiculis

211 2746 570 2814 imponuntur.
635 2746 841 2811 Quibus
878 2747 1024 2812 actis,
1062 2765 1215 2816 reges
1253 2749 1461 2816 utrique
1490 2765 1611 2797 cum
1637 2746 1801 2799 multo
1836 2749 2074 2816 equitatu

212 2815 267 2864 in
304 2816 648 2883 Aquitaniam
686 2817 910 2886 profecti
937 2826 1057 2868 sunt
1095 2826 1432 2887 castrumque
1469 2816 1726 2868 Briddam
1754 2818 1896 2886 quod
1921 2825 2077 2869 vetus

214 2883 439 2935 dieitur2
480 2884 816 2938 devenerunt.

313 3034 349 3076 a)
379 3045 407 3066 s.
443 3044 512 3075 per
546 3037 674 3068 omnia
702 3038 734 3068 1.
872 3036 912 3078 b)
941 3037 1192 3077 supplicicem
1218 3047 1246 3070 c.
1388 3035 1421 3077 c)
1452 3036 1653 3068 efficatiter
1682 3046 1709 3069 c.
1850 3035 1888 3078 d)
1919 3036 2075 3069 Gotiam

211 3092 304 3115 corr.
362 3083 551 3115 Gothiam.

340 3192 383 3245 1)
418 3194 541 3244 Quae
588 3208 685 3234 cum
731 3196 817 3233 iam
864 3207 902 3234 a.
939 3195 1041 3235 979.
1077 3194 1362 3243 accidissent,
1407 3195 1513 3235 ordo
1560 3207 1701 3234 rerum
1747 3206 1773 3233 a
1815 3197 1966 3234 nostro
2005 3195 2077 3234 in·

212 3267 364 3295 versus
410 3268 505 3296 esse
539 3255 734 3305 videtum
779 3256 865 3295 nisi
910 3268 1023 3295 anno
1069 3254 1170 3295 981.
1216 3257 1408 3308 Hugone
1449 3257 1719 3296 assentiente
1763 3254 1948 3296 fortasse
1994 3268 2071 3295 rex

214 3315 493 3357 confirmatus
525 3318 594 3358 sit.
642 3315 873 3368 Singulare
908 3316 1099 3368 quidem,
1133 3317 1177 3355 in
1213 3318 1375 3358 chartis
1408 3317 1607 3357 Lotharii
1641 3315 1811 3356 duabus
1836 3315 1877 3356 d.
1901 3315 2005 3356 Iulii
2029 3316 2074 3357 9.

214 3377 316 3414 anni
352 3376 454 3427 981,
486 3378 629 3430 iisque
663 3376 781 3427 solis,
814 3376 1043 3416 formulam
1080 3377 1190 3429 legi:
1225 3377 1394 3417 Datum
1429 3400 1482 3406 —
1505 3377 1601 3430 filio
1636 3389 1736 3416 ‘cero
1770 3375 1862 3416 eius
1897 3375 2074 3417 domino

213 3434 436 3476 Ludorico
471 3438 735 3479 adolescente
770 3437 935 3490 eyreyio
969 3443 1178 3492 regmante
1211 3452 1327 3478 anno
1361 3437 1505 3478 tercio.
1539 3438 1588 3478 P.
1701 3434 1747 3490 2)
1781 3437 1976 3477 Brioude
2010 3436 2075 3476 ad.

214 3496 392 3536 fluvium
426 3497 580 3539 Allier.
