2240 3879
213 371 296 404 898.

120 1181 184 1224 Ἰ).
215 1183 298 1216 574.

315 214 369 254 12
734 211 989 252 RICHERI
1022 210 1438 252 HISTORIARUM
1470 210 1655 252 LIBER
1687 211 1722 253 Ι.

314 350 567 403 Rotberto
621 350 826 403 Gallia¹
883 350 1083 403 Celtica
1139 348 1353 414 collata,
1409 349 1464 399 in
1523 348 1813 401 Saxoniam
1827 352 1896 386 *·2
1955 350 2166 403 secedit.
2233 379 2240 388 ·

318 420 480 473 Cuius
517 419 675 472 urbes
713 420 967 490 sedesque
993 420 1165 489 regias
1191 419 1431 485 lustrans,
1460 436 1579 469 cum
1612 421 1821 488 oppidis
1856 419 1997 472 nullo
2035 422 2169 472 reni-

318 499 458 543 tente
498 489 736 543 obtinuit.
810 490 921 542 Ubi
936 491 983 514 ²⁸*
1022 491 1180 541 etiam
1206 489 1518 540 Heinricum
1533 497 1569 554 ³,
1607 490 1752 557 regio
1791 508 1985 559 genere
2021 488 2169 541 incli-

315 568 429 612 tum
455 578 517 612 ac
542 560 664 611 inde
692 561 986 627 oriundum,
1024 560 1211 611 ducem
1240 558 1482 610 omnibus
1519 558 1737 627 preficit.
1814 558 2083 612 Sarmatas
2094 561 2130 593 Β·
2148 569 2169 596 ³

317 630 517 700 absque
555 629 722 699 prelio
761 630 998 682 subditos
1044 628 1242 682 habuit.
1316 628 1556 698 Anglos0
1594 646 1802 697 quoque
1840 647 1902 681 ae
1938 629 2170 698 reliquos

313 701 782 752 transmarinorum
818 699 1045 768 populos
1083 700 1217 750 mira
1253 697 1605 750 benivolentia
1641 697 1777 749 sibid
1803 699 1995 768 adegit.
2058 700 2169 751 Vix

316 778 528 822 tamene
567 788 662 839 per
711 769 1022 821 decennium
1039 778 1074 820 θ.
1148 768 1220 820 Et
1269 768 1401 820 forte
1455 767 1788 819 felicissimus
1841 787 1938 837 per
1993 770 2170 821 omnia

314 840 512 907 fuisset,
552 842 594 891 si
633 841 687 891 in
724 857 827 890 uno
864 840 1087 889 nimium
1123 856 1230 890 non
1267 846 1504 890 errasset.

502 940 579 990 15.
654 938 860 990 Nimiaf
892 938 1114 990 Karolif
1152 938 1392 990 dileetiof
1431 957 1556 1008 erga
1591 938 1944 1007 Haganonem
1959 939 1990 990 f.

456 1023 593 1075 Nam
632 1041 749 1074 cum
787 1023 951 1075 multa
988 1023 1311 1093 benignitate
1348 1024 1613 1093 principes
1661 1021 1865 1089 coleret,
1912 1023 2168 1092 precipua

316 1102 494 1145 tamen
519 1093 841 1146 beatitudine
867 1093 1221 1161 Haganonem
1248 1093 1493 1158 habebat,
1535 1111 1691 1162 quem
1717 1111 1784 1143 ex
1808 1093 2166 1145 mediocribus

317 1171 586 1232 potentem
624 1164 892 1230 effecerat,
931 1163 1063 1216 adeo
1089 1171 1146 1215 ut
1171 1163 1506 1231 magnatibus
1534 1162 1827 1232 quibusque
1866 1162 2050 1231 *longe
2077 1163 2167 1215 ab-

320 1232 638 1299 sistentibus,
688 1234 801 1302 ipse
838 1234 984 1302 regio
1022 1233 1172 1285 lateri
1211 1233 1349 1284 solus
1386 1234 1635 1297 haereret,
1686 1232 1902 1301 pilleum
1940 1235 2097 1284 etiam
2135 1253 2167 1285 a

319 1304 491 1372 capite
528 1304 668 1371 regis
706 1304 980 1372 sepissime
1021 1311 1288 1373 sumptum
1314 1304 1490 1372 palam
1518 1302 1617 1353 sibi
1643 1304 1950 1372 imponeret.
2008 1303 2165 1367 Quod

316 1375 474 1424 etiam
523 1372 740 1424 multam
788 1374 900 1441 regi
944 1373 1119 1424 intulit
1168 1373 1340 1425 labem
1355 1383 1391 1424 g.
1466 1373 1678 1423 Etenim
1715 1374 1966 1441 primates
2003 1372 2058 1424 id
2093 1372 2164 1424 fe-

314 1451 485 1494 rentes
523 1443 814 1510 indignum,
851 1462 1032 1512 regem
1070 1443 1265 1495 adeunt
1301 1461 1362 1494 ac
1407 1442 1549 1512 apud
1582 1461 1701 1493 eum
1740 1443 1901 1493 satish
1941 1459 2164 1511 conque-

312 1521 510 1577 runtur,
554 1511 820 1563 hominem
860 1512 1096 1564 obscuris
1144 1512 1450 1581 parentibus
1486 1521 1668 1563 natum
1705 1514 1882 1580 regiae
1921 1512 2161 1581 dignitati

312 1580 534 1632 multum
561 1581 829 1650 derogare,
869 1599 987 1632 cum
1013 1583 1122 1633 acsi
1146 1583 1438 1651 indigentia
1462 1582 1719 1633 nobilium
1746 1583 1860 1651 ipse
1888 1590 2162 1652 tamquam
2238 1636 2240 1638 ,

313 1649 640 1701 consulturus
676 1652 790 1720 regi
828 1653 1064 1717 assistat3
1104 1660 1155 1703 et
1189 1653 1291 1702 nisi
1325 1671 1356 1703 a
1388 1660 1534 1703 tanta
1569 1652 1942 1704 consuetudine
1979 1660 2161 1718 cesset,
2234 1662 2240 1717 ξ

311 1738 424 1772 sese
463 1739 494 1771 a
529 1721 670 1790 regis
698 1720 914 1772 consilio
941 1722 1150 1790 penitus
1177 1721 1514 1774 discessm‘os
1588 1722 1705 1773 Rex
1745 1721 2162 1773 dissuasionibus
2234 1723 2240 1744 '³

308 1790 389 1841 his
426 1791 641 1841 minime
680 1790 938 1857 credulus,
977 1810 1009 1842 a
1047 1790 1235 1842 dilecto
1271 1810 1378 1843 non
1416 1793 1587 1843 cessit.
2234 1794 2240 1806 ‘

590 1891 668 1942 16.
741 1892 1069 1961 Indignatioi
1107 1892 1371 1943 Rotbertii
1410 1893 1463 1942 in
1499 1891 1895 1960 Haganonemi.
2236 1950 2237 1957 ἵ

446 1975 652 2027 Interea
676 1976 963 2045 Belgicaek
1001 1976 1250 2027 urbibusl
1289 1985 1445 2046 atque
1485 1977 1693 2046 oppidis
1731 1977 2029 2028 firmissime
2068 1994 2158 2046 Op·
2232 1975 2240 2031 ζὲ

306 2045 479 2111 tentis,
516 2046 569 2094 in
585 2048 656 2068 ***
686 2045 940 2097 Celtic-am
976 2046 1111 2098 redit
1147 2064 1207 2098 ae
1245 2047 1374 2098 urbe
1416 2047 1732 2099 Suessonica
1767 2048 1952 2116 recipit
1990 2065 2103 2099 sese
2117 2055 2154 2098 4.

307 2113 430 2164 Huc
468 2132 535 2165 ex
575 2117 717 2166 omni
758 2116 930 2168 Gallia
966 2117 1233 2185 principes
1273 2115 1558 2168 confluunt.
1631 2117 1752 2167 Huc
1789 2117 1949 2169 etiam
1992 2117 2156 2167 mino-

306 2186 426 2235 16εῆ
463 2185 625 2236 inulto
672 2187 848 2237 favore
900 2187 1217 2237 conveniunt
1232 2188 1289 2238 ††.
1365 2187 1506 2239 inter
1545 2205 1674 2256 quos
1714 2205 1832 2237 cum
1870 2186 2155 2238 Rotbertus

426 2312 460 2365 *)
498 2313 558 2354 ita
592 2314 631 2355 2.
677 2314 908 2368 Belgicam
946 2317 984 2358 1,

405 2373 463 2426 *'')
496 2375 583 2415 Ubi
616 2398 674 2404 —
707 2375 879 2428 preficit
913 2378 937 2415 2
974 2375 1018 2416 in
1055 2375 1253 2429 inferiori
1286 2376 1497 2430 mccryz'ne,
1533 2376 1631 2417 aliis
1666 2377 1815 2418 erasis.

378 2434 457 2487 **'“)
495 2435 724 2484 Celticam,
757 2450 846 2477 rec.
881 2450 978 2477 sese
1013 2438 1037 2475 2
1071 2439 1117 2477 in
1142 2438 1230 2478 loco
1258 2451 1384 2485 raso;
1404 2439 1602 2490 fortasse
1634 2438 1784 2491 Aquas
1817 2437 2150 2492 scrz'ptumfuit.

501 2510 597 2536 cum
641 2498 864 2550 paschalis
910 2498 1182 2539 sollemnitas
1223 2500 1494 2548 immineret,
1543 2500 1812 2553 Aquisgrani
1859 2499 2027 2554 palatio
2074 2512 2150 2540 rex

498 2571 594 2598 sese
627 2560 810 2612 recepit.
877 2560 978 2599 Huc
1011 2559 1174 2600 Elakeh.

420 2615 460 2671 †)
494 2618 739 2659 mediocres
771 2619 937 2660 Ekkeh.

401 2676 464 2732 ††)
500 2681 789 2730 conveniunt3
839 2686 990 2721 assunt
1024 2686 1068 2722 et
1101 2682 1250 2732 duces,
1287 2694 1339 2720 ex
1373 2682 1565 2722 Saxonia
1599 2682 1776 2735 quidem
1811 2681 2062 2730 Heinrims,
2098 2693 2151 2721 ex

498 2740 645 2780 Gallia
676 2743 958 2795 Ruotpertus.
1026 2742 1219 2783 Cottidie
1263 2755 1391 2783 secus
1425 2743 1540 2784 fores
1578 2744 1690 2796 regii
1731 2742 1926 2782 cubiculi
1959 2747 2151 2792 manent,

398 2843 432 2885 a)
463 2846 642 2877 Heinrico
670 2856 761 2878 corr.
792 2848 1026 2879 Heinricum.
1129 2847 1167 2888 b)
1198 2857 1349 2888 quoque
1377 2850 1440 2880 del.
1544 2847 1576 2889 c)
1605 2848 1817 2886 Anglorum
1844 2848 1909 2880 del.
1987 2847 2024 2888 d)
2054 2849 2151 2880 mili-

299 2897 379 2924 tare
409 2897 440 2926 1.
519 2893 554 2934 e)
579 2895 621 2926 V.
651 2899 674 2925 t.
703 2905 738 2934 p.
769 2896 802 2928 d.
832 2898 868 2927 in
895 2906 1028 2937 mcc7·q.;
1057 2906 1116 2938 en,
1144 2899 1248 2930 nium
1275 2899 1367 2929 absc.
1442 2896 1472 2938 f)
1500 2898 1549 2939 ia,
1577 2897 1758 2939 K(ar01i),
1784 2899 1834 2938 io,
1861 2897 2149 2938 H(aganonem)

300 2943 392 2975 absc.
494 2941 530 2983 g)
561 2944 811 2975 calamitatem
841 2947 873 2977 1.
975 2946 1012 2987 h)
1040 2956 1068 2977 s.
1096 2947 1184 2978 inde
1216 2949 1247 2979 1.
1335 2945 1362 2986 i)
1389 2948 1504 2988 natio,
1532 2946 1656 2986 tberti,
1684 2955 1848 2978 anonem
1875 2947 1967 2980 absc.
2043 2945 2083 2989 k)
2111 2948 2150 2978 in

301 2992 375 3022 loco
412 3001 517 3030 raso,·
547 2992 761 3024 Galliarum
790 2994 1024 3033 ΙιἍ-Ιςρῆανιῖηε,
1054 2996 1115 3035 qui
1141 2997 1223 3027 haec
1249 2997 1443 3035 exscripsit.
1544 2994 1573 3037 1)
1601 2995 1739 3026 finibus
1769 2998 1801 3027 1.

424 3088 466 3133 1)
500 3087 626 3126 Haec
668 3100 806 3139 usque
846 3089 1043 3142 praeficit
1089 3090 1382 3131 Ekkehardus
1416 3091 1583 3143 Uraug.
1615 3091 1660 3129 in
1693 3089 1795 3130 hist.
1829 3089 2033 3130 Heinrici
2075 3102 2147 3130 ex-

300 3147 500 3200 scripsit3
538 3147 593 3188 cf.
626 3148 762 3201 praef.
899 3148 945 3201 2)
978 3150 1063 3189 Hic
1099 3158 1140 3192 et
1174 3153 1219 3191 in
1252 3151 1539 3205 sequentibus
1572 3150 1704 3190 lectio
1737 3151 1855 3204 prior
1889 3163 1988 3190 cum
2020 3163 2146 3204 prae·
2220 3198 2222 3201 ¹

299 3209 413 3248 senti
448 3207 622 3258 collata,
658 3214 893 3258 auctorem,
928 3211 1082 3251 insano
1118 3212 1308 3265 quodam
1340 3213 1486 3265 gentis
1521 3211 1667 3252 studio
1702 3211 1959 3262 abductum,
1991 3211 2146 3264 Belgis

300 3268 511 3318 Saxones,
562 3268 808 3310 Gisleberto
852 3270 1109 3311 Heinricum
1154 3274 1447 3324 substituisse,
1483 3272 1626 3314 docet.
1691 3271 1826 3313 Fides
1874 3271 2040 3313 talibus
2088 3272 2146 3313 ab

298 3329 568 3370 Ekkehardo
591 3330 856 3382 Uraugiensi
891 3334 1119 3385 exscriptis
1154 3336 1329 3375 omnino
1361 3333 1581 3387 neganda,
1616 3337 1658 3373 et
1689 3333 1908 3374 historicis
1943 3332 2000 3372 ad
2033 3332 2145 3372 anti-

300 3402 429 3442 quam
462 3388 699 3430 lectionem
733 3391 845 3430 infra
878 3392 1130 3433 adnotatam
1164 3396 1438 3436 redeundum
1474 3399 1551 3436 est.
1587 3415 1641 3422 —
1689 3393 1756 3435 Cf.
1789 3393 1989 3443 Wittich,
2033 3393 2141 3433 For-

298 3451 525 3504 schungen
554 3451 639 3501 111,
673 3465 714 3504 p.
738 3451 821 3491 105
841 3465 952 3505 sqq„
982 3459 1023 3493 et
1046 3454 1198 3498 Jahrb.
1230 3456 1446 3496 Heinrich
1465 3456 1501 3497 Ι.
1521 3470 1563 3509 p.
1584 3453 1655 3494 28.
1783 3453 1830 3507 3)
1863 3455 1892 3494 i.
1913 3467 1951 3494 e.
1972 3453 2141 3495 Slavos.

297 3507 344 3562 4)
381 3509 448 3553 Cf.
482 3511 720 3552 Flodoard.
761 3524 799 3552 a.
836 3513 936 3562 920,
972 3515 1045 3567 qui
1077 3515 1181 3556 huic
1213 3518 1452 3558 narrationi
1485 3516 1713 3556 materiam
1745 3515 1962 3568 praebuit.
