2240 3879
292 264 346 301 14
724 257 979 299 RICHERI
1012 258 1430 299 HISTORIARUM
1463 258 1647 299 LIBER
1679 261 1714 300 Ι.

188 422 270 454 899,
630 397 709 450 17.
782 397 1080 449 Interfectio
1118 396 1366 449 Fulcom's
1406 397 1806 468 archiepiscopi.

431 482 549 548 Quo
587 501 683 534 rex
732 491 1000 552 comperto
1044 484 1100 534 in
1135 482 1456 534 Balduinum
1493 482 1670 549 fertur,
1709 502 1771 535 ac
1806 483 1971 535 multa
2009 483 2143 536 obsi-

291 551 462 604 dionis
498 553 552 603 vi
591 560 819 604 castrum
855 552 1172 605 Atrabatum
1223 552 1288 604 ab
1341 571 1401 604 eo
1447 553 1616 604 aufert
1662 562 1818 622 atque
1869 571 1988 604 cum
2034 561 2145 605 tota

291 623 459 679 sancti
495 621 715 674 Vedasti
763 621 979 673 abbatia
1023 622 1245 674 Fulconi
1289 623 1524 692 predicto
1572 622 1973 692 metropolitano
2026 640 2144 674 con-

292 692 430 743 cedit
448 702 481 744 1.
555 691 629 743 At
673 700 795 760 post
836 690 1036 761 aliquot
1080 701 1322 762 tempora
1366 691 1800 761 metropolitanus
1840 692 1906 744 ob
1943 693 2144 744 itineris

289 762 728 831 longinquitatem
756 762 1080 830 fratrumque
1094 771 1114 795 a
1130 762 1614 814 incommoditatem
1631 770 1650 794 ἃ
1666 761 1963 813 Altmarum
1987 763 2146 814 comi-

289 840 397 883 tem
435 832 778 897 accersiensh‚
817 830 1088 883 abbatiam
1127 834 1294 884 sancti
1319 831 1578 897 Medardi,
1618 850 1777 901 quam
1814 833 1928 900 ipse
1967 849 2143 883 eomes

290 900 519 968 tenebat,
577 900 644 952 ab
695 919 755 952 eo
803 902 1010 970 accipit,
1061 909 1111 953 et
1153 920 1248 971 pro
1298 921 1360 954 ea
1406 901 1678 954 abbatiam
1726 902 1891 953 sancti
1925 901 2146 952 Vedasti

294 989 414 1023 cum
440 977 611 1022 castro
637 970 913 1037 Atrabat0‚
939 971 1230 1023 rationibus
1266 973 1530 1041 utrimque
1562 972 1772 1038 habitis,
1813 972 1859 1022 ei
1896 971 2144 1040 impertit.

191 1057 273 1091 900.
292 1040 484 1093 Unde0
537 1049 588 1092 et
643 1040 711 1092 ad
763 1041 985 1092 nimiam
1045 1040 1364 1110 pertrahitur
1415 1041 1708 1093 Balduinus
1765 1040 2143 1092 crudelitatem.

292 1110 563 1180 Multaque
600 1110 818 1162 affectus
856 1113 1146 1177 anxietate,
1196 1111 1264 1163 ad
1312 1111 1562 1163 ultionem
1619 1112 1826 1181 penitus
1863 1129 1975 1162 sese
2027 1128 2146 1162 con-

292 1181 463 1233 vertit.
536 1179 844 1232 Amicitiam
882 1199 1006 1250 ergo
1045 1182 1187 1232 circa
1234 1181 1697 1251 metropolitanum
1748 1180 1971 1232 simulat.
2044 1180 2149 1231 Per

292 1251 493 1320 legatos
556 1268 765 1320 quoque
825 1250 1045 1302 multam
1104 1251 1514 1303 benivolentiam
1575 1251 1827 1302 mandatd
1881 1250 2146 1319 fidemque

295 1320 533 1390 spondet.
615 1318 754 1371 Illud
801 1328 980 1372 tamen
1024 1320 1189 1372 multa
1237 1331 1481 1373 suorume
1531 1322 1829 1373 curiositate
1886 1320 2145 1387 observat,

292 1398 468 1442 utrum
519 1390 756 1459 privatus
801 1409 868 1441 an
919 1409 1041 1441 cum
1090 1392 1257 1460 copiis
1300 1393 1439 1460 regis
1489 1391 1744 1462 palatium
1798 1399 1978 1460 petere
2028 1407 2147 1441 con-

294 1467 515 1525 suescat,
565 1461 830 1528 privatum
878 1459 1040 1511 multo
1076 1461 1196 1511 nisu
1231 1462 1486 1530 impetere
1526 1462 1759 1531 cupiens
1832 1460 1983 1511 Haec
2021 1459 2147 1510 dum

294 1532 370 1581 sic
405 1529 737 1595 haberentur,
776 1547 872 1598 pro
911 1531 1070 1598 regiis
1109 1531 1280 1581 causis
1318 1532 1552 1600 contigit,
1591 1532 1871 1600 episcopos
1896 1529 2147 1599 Belgicae

292 1600 436 1669 apud
472 1617 654 1667 regem
692 1601 1019 1668 congregari.
1093 1599 1249 1651 Unde
1289 1608 1339 1652 et
1374 1602 1807 1670 metropolitanus
1845 1600 2146 1666 accersitus,

294 1687 415 1721 cum
450 1669 549 1720 iter
586 1667 880 1720 accelerare
918 1678 1143 1737 pararet,
1188 1671 1430 1721 incautus
1470 1688 1591 1721 cum
1628 1672 1811 1739 paucis
1847 1669 2144 1721 festinabat.

293 1739 395 1792 Cui
431 1757 559 1790 mox
595 1738 743 1790 affuit
780 1737 996 1807 quidam
1034 1738 1372 1791 Winemarus
1412 1757 1531 1791 cum
1570 1741 1781 1791 cohorte
1819 1759 1850 1791 a
1885 1738 2147 1791 Balduino

291 1810 482 1860 missus
497 1812 535 1860 *.
608 1807 1048 1878 Metropolitanus
1100 1827 1220 1860 cum
1265 1818 1402 1861 esset
1447 1828 1566 1860 cum
1611 1815 1814 1880 paucis,
1865 1829 1896 1861 a
1934 1808 2147 1860 cohorte

293 1897 413 1930 cum
450 1880 557 1929 suis
594 1879 915 1948 interceptus
955 1887 1046 1930 est.
1109 1878 1282 1930 Nullif
1317 1880 1474 1949 fugae
1511 1879 1656 1931 locus
1693 1880 1879 1948 patuit.
1945 1878 2146 1932 Omnes

109 1958 221 2020 ‘'fol-
239 1960 273 1993 7·
293 1947 794 2000 circumvallantur&
832 1956 989 2017 atque
1027 1949 1400 2018 impetunturh.
1477 1949 1812 2001 *Admodum
1850 1949 2146 2018 *utrimque

137 2010 276 2090 ³333·
293 2019 561 2071 dimicant.
636 2018 915 2087 Utrimque
969 2018 1072 2069 fusi
1125 2019 1494 2088 procumbunt.
1571 2020 1909 2073 VVinemarus
1958 2028 2146 2070 metro-

110 2108 195 2140 1un.
212 2081 276 2140 16]
289 2088 581 2159 politanum
607 2087 837 2154 adortus7
875 2087 1060 2139 lancea
1084 2089 1338 2141 inermem
1363 2089 1649 2159 transfigiti
1675 2097 1831 2160 atque
1856 2090 1992 2140 inter
2025 2107 2146 2140 suos

291 2166 492 2228 septem
546 2156 852 2210 vulneribus
908 2159 1201 2210 sauciatum
1255 2160 1550 2229 precipitat.
1644 2158 1743 2211 Cui
1799 2178 1920 2211 cum
1975 2158 2148 2210 adhuc

289 2230 426 2280 ictus
479 2227 773 2279 intenderet
787 2228 827 2294 k,
886 2228 1102 2297 quidam
1160 2247 1389 2295 suorum,
1439 2228 1602 2280 multo
1653 2229 1917 2299 episcopi¹
1967 2246 2146 2280 amore

291 2298 450 2365 ducti,
502 2317 658 2367 super
707 2316 827 2348 eum
876 2298 1244 2367 procumbunt.
1321 2300 1425 2364 Qui
1464 2317 1585 2350 cum
1623 2317 1683 2350 eo
1731 2317 1858 2351 mox
1905 2298 2148 2350 transfixi

290 2377 447 2437 atque
485 2369 644 2419 occisi
682 2375 815 2419 sunt.
891 2368 1132 2432 Quatuor
1167 2377 1372 2420 tantum
1416 2369 1546 2438 fuga
1581 2368 1830 2421 labuntur
1845 2379 1895 2436 ¹¹¹,
1943 2369 2035 2438 qui
2070 2369 2148 2420 rei

289 2439 562 2507 negotium
607 2438 788 2489 Remis
839 2436 1212 2490 demonstrant.
1288 2439 1437 2490 Tunc
1491 2457 1616 2491 vero
1671 2458 1867 2509 magna
1919 2437 2147 2490 militum

289 2527 476 2559 manus
515 2507 582 2559 ab
617 2507 748 2558 urbe
783 2525 911 2558 mox
938 2525 1057 2558 cum
1089 2509 1249 2560 armis
1289 2508 1494 2574 educta,
1533 2509 1862 2561 adversarios
1899 2509 2148 2578 persequi

290 2586 522 2629 conatur.
600 2577 706 2630 Sed
744 2577 818 2628 eis
857 2577 1064 2647 elapsis,
1113 2578 1386 2630 dominum
1425 2580 1662 2631 occisum
1701 2597 1822 2630 cum
1860 2579 1966 2630 suis
2006 2578 2146 2630 colh'-

288 2656 418 2716 gunt
466 2655 663 2717 atquen
699 2646 862 2698 multo
911 2647 1106 2699 doloris
1155 2648 1384 2700 lamento
1429 2649 1625 2700 Remos
1676 2648 1969 2718 deportant,
2025 2666 2146 2700 cum

291 2717 653 2770 sacerdotibus
681 2716 1007 2769 sacerdotem
1026 2717 1253 2788 plurimo
1274 2719 1546 2788 dignitatis
1567 2719 1820 2789 obsequio
1843 2719 2143 2770 condentes

811 2818 891 2869 18.
964 2817 1259 2870 Winemari
1274 2828 1293 2853 ⁰
1329 2820 1569 2872 interitus
1585 2829 1620 2871 ⁰.

428 2901 668 2953 Interea3
696 2901 921 2955 collectis
948 2904 1092 2972 apud
1117 2922 1300 2973 regem
1320 2905 1597 2974 episcopiS,
1624 2903 1748 2956 talia
1767 2920 1893 2955 mox
1917 2902 2146 2955 referun-

289 2979 389 3023 tur.
464 2971 622 3036 Quod
659 2973 815 3024 etiam
854 2974 1098 3026 omnibus
1146 2975 1369 3025 nimium
1418 2975 1580 3026 animi
1627 2974 1847 3026 incussit
1896 2971 2146 3026 dolorem.

411 3090 451 3145 *)
487 3096 530 3132 et
563 3093 754 3133 omnium
789 3107 897 3146 quos
930 3099 1048 3135 terra
1081 3096 1269 3136 sustinet
1301 3094 1702 3136 sceleratissimus²
1737 3094 1843 3136 add.
1881 3095 1920 3146 1,
1953 3094 2037 3136 dez.
2073 3094 2115 3135 2.

388 3181 424 3223 a)
452 3182 478 3216 f.
495 3183 520 3215 i.
538 3184 576 3214 in
590 3192 714 3223 marg„
741 3184 802 3215 ubi
824 3185 894 3226 fra,
919 3194 979 3217 mo
1003 3186 1095 3222 absc,
1171 3186 1209 3228 b)
1236 3187 1447 3219 rationibus
1469 3186 1608 3217 habitis
1633 3186 1715 3216 add.
1734 3187 1765 3225 1,
1793 3186 1857 3218 del.
1875 3186 1907 3218 2.
1984 3183 2018 3226 c)
2033 3185 2146 3219 Unde

291 3249 333 3255 —-
363 3232 559 3271 Multaque
587 3233 619 3265 2.
667 3257 675 3265 .
705 3257 714 3266 .
743 3258 749 3265 .
781 3255 791 3265 .
820 3234 980 3266 nimium
1018 3236 1180 3268 incussit
1225 3236 1418 3267 Balduino
1463 3235 1582 3266 animi
1629 3235 1811 3267 dolorem.
1876 3234 2080 3273 Nimiaque
2109 3236 2143 3268 1.

290 3279 327 3321 d)
357 3281 517 3320 spondet
546 3282 579 3314 1.
679 3280 714 3322 e)
739 3286 832 3321 post.
862 3284 943 3314 add.
1046 3283 1074 3325 f)
1103 3285 1145 3316 in
1171 3286 1304 3325 primis
1326 3289 1410 3324 post
1435 3285 1530 3325 add„
1567 3284 1630 3314 del.
1660 3285 1694 3317 2.
1795 3282 1832 3324 g)
1863 3283 2143 3315 circumvallati

290 3334 377 3361 sunt
406 3331 437 3370 1,
466 3339 498 3361 a.
519 3330 542 3362 i.
567 3334 650 3369 post
677 3331 760 3363 add.
862 3331 900 3372 h)
930 3333 1175 3365 Winemarus
1212 3335 1548 3374 metropolitanum
1589 3333 1741 3364 adortus
1782 3333 1919 3364 lancea
1955 3333 2142 3364 inermem

290 3379 480 3418 transfigit
530 3380 610 3412 add.
649 3379 722 3410 iam
757 3380 819 3410 hoc
854 3381 927 3412 loco
967 3383 998 3422 1,
1047 3383 1110 3415 del.
1142 3385 1173 3416 2.
1226 3383 1425 3422 Siquidem
1460 3392 1496 3416 u.
1531 3382 1646 3422 peryit
1680 3384 1708 3415 1.
1835 3380 1863 3422 i)
1904 3380 2073 3419 tranfigit
2114 3390 2144 3412 c.

290 3426 328 3467 k)
345 3431 382 3458 et
397 3437 412 3458 e
425 3437 518 3460 corr.
537 3429 572 3461 2.
648 3427 675 3468 1)
691 3429 729 3459 in
743 3429 816 3460 loco
831 3439 915 3460 raso
933 3431 964 3462 2.
1031 3430 1081 3472 m)
1094 3432 1145 3463 ica
1161 3433 1201 3472 ἒς
1225 3455 1290 3465 .....
1308 3433 1448 3472 ereptis
1467 3434 1498 3464 1,
1565 3429 1606 3471 n)
1623 3439 1666 3462 ac
1683 3439 1766 3462 cum
1784 3432 1814 3463 1.
1890 3428 1925 3470 o)
1945 3439 1977 3471 e,
1993 3430 2034 3460 in
2047 3429 2142 3462 absc.

414 3504 458 3558 1)
492 3507 619 3547 Haec
654 3520 705 3547 ex
728 3508 856 3550 Flod.
881 3510 998 3550 Hist.
1024 3511 1148 3552 Rem.
1173 3513 1250 3564 IV,
1279 3512 1346 3552 10.
1382 3516 1527 3553 sumta
1558 3515 1672 3552 sunt.
1800 3507 1846 3563 2)
1870 3509 2018 3552 Verba
2041 3508 2146 3550 Sal-

289 3565 393 3608 lusti
426 3567 525 3620 Iug.
561 3582 599 3609 c.
636 3568 705 3609 14.
833 3566 880 3622 3)
915 3570 1044 3611 Flod.
1078 3571 1105 3611 l.
1141 3573 1168 3614 l.
