2240 3879
540 239 791 281 RICHERI
824 241 1237 282 HISTORIARUM
1270 242 1452 283 LIBER
1485 244 1544 284 II.
1913 248 1967 287 49

226 377 303 427 19.
358 376 626 444 Impetusa
676 376 990 429 Grislebertia
1038 378 1090 427 in
1139 376 1460 428 Germania-'³l
1507 381 1720 449 eiusque
1769 391 1865 432 aca

848 464 1061 497 suorum
1097 446 1248 497 fusio.

265 530 336 581 At
364 528 715 582 Gislebertus¹
748 529 858 580 dux
885 530 1156 581 dedecoris
1183 531 1423 581 iniuriam
1451 530 1617 583 ultum
1642 534 1715 585 irc
1736 534 1913 586 volens
1926 539 1963 602 *,

128 617 335 650 omnem
361 598 632 667 Belgicam
659 598 844 650 lustrat
878 616 939 648 ac
981 600 1175 650 tirones
1202 599 1512 651 lectissimos
1538 602 1591 650 in
1617 621 1779 653 unum
1806 605 1963 671 cogit,

126 686 275 719 senes
313 675 514 718 tantum
553 668 794 719 emeritos
832 668 1031 736 patriae
1067 667 1322 738 linquens.
1404 671 1449 719 F
1453 676 1676 739 actoque
1714 674 1962 737 exercitu,

125 736 367 788 Rhenum
404 744 687 788 transmeat
722 754 784 787 ac
821 737 1045 805 patriam
1074 737 1336 789 solotenus
1371 738 1626 790 incendiis
1663 742 1963 809 ingentibus

125 813 312 857 vastat.
396 806 768 858 Armentorum
825 806 981 857 etiam
1037 807 1406 876 pecudumque
1468 809 1688 877 predam
1747 811 1965 860 nimiam

126 876 384 927 exercitus
400 877 420 908 ¹³
460 882 744 943 congregat
779 874 1112 944 abducitque.
1190 877 1304 927 Iam
1342 894 1467 928 vero
1518 876 1712 929 flumen
1761 880 1965 948 ingredi

125 944 362 1012 parabat,
400 963 521 995 cum
537 947 581 968 **
622 944 746 996 Otto
785 944 1075 996 exercitum
1114 945 1528 997 accelerantibus
1558 947 1783 999 induxit.
1848 947 1962 999 Bel-

123 1014 310 1082 gici***
335 1015 629 1079 renitentes,
652 1031 769 1063 cum
787 1013 1066 1064 Germanis
1089 1032 1236 1066 secus
1254 1014 1505 1066 fliiviun1†
1543 1018 1810 1085 congressi
1845 1026 1964 1069 sunt

123 1091 279 1151 atque
296 1085 338 1117 Η
375 1084 428 1133 in
464 1090 611 1151 parte
637 1090 857 1152 utraque
883 1084 1104 1134 nimium
1129 1083 1246 1135 fusi.
1322 1084 1440 1149 Qua
1467 1085 1549 1136 die
1578 1084 1963 1138 Germanorum

124 1152 345 1203 victoria
381 1170 536 1220 aegre
574 1158 860 1203 sustentata
895 1161 986 1219 est,
1038 1162 1120 1204 et⁰
1168 1153 1288 1205 licet
1333 1154 1803 1206 innumerabilibus
1842 1174 1961 1206 suo-

122 1240 237 1271 rum
270 1222 537 1286 stratisffss
570 1228 745 1272 tamen
776 1221 975 1273 enituit.
1037 1222 1227 1273 Nam*
1251 1221 1580 1275 Gislebertus
1610 1224 1721 1277 dux
1748 1243 1961 1276 suorum

122 1289 325 1341 fusione
363 1290 655 1342 exercitum
694 1290 948 1342 defecisse
999 1294 1290 1357 advertens,
1342 1292 1469 1361 fuga
1517 1292 1807 1361 periculum
1846 1313 1962 1347 eva-

122 1359 243 1412 dere
282 1359 556 1412 nitebatur.
607 1360 670 1410 In
706 1359 961 1411 fluentum
998 1361 1175 1429 itaque
1215 1379 1335 1412 011111
1372 1380 1507 1430 equo
1547 1362 1748 1431 prosilit
1763 1373 1797 1412 2.
1857 1363 1962 1428 Qui

122 1447 243 1480 cum
280 1429 505 1480 fluminis
542 1428 761 1497 pelagus
801 1438 1010 1480 enatare
1048 1449 1154 1481 non
1191 1439 1383 1499 posset,
1421 1432 1474 1481 vi
1507 1432 1764 1483 undarum
1791 1434 1961 1484 victus

121 1500 310 1566 periitd
365 1507 521 1567 atque
577 1516 834 1550 sessorem
888 1500 1138 1551 inmersit.
1230 1499 1591 1568 *Belgicorum
1609 1503 1649 1535 *†
1701 1519 1824 1552 vero
1873 1501 1960 1552 alii

120 1568 280 1619 fluvio
319 1567 566 1632 enecatie,
605 1566 695 1617 alii
730 1567 865 1618 ferro
904 1571 1054 1634 caesi,
1094 1568 1181 1619 alii
1221 1570 1375 1636 capti,
1415 1568 1645 1620 nonnulli
1684 1588 1807 1621 vero
1842 1589 1961 1640 pro-

119 1637 266 1705 fugio
315 1637 509 1706 ereptif
555 1644 688 1687 sunt.
772 1637 1074 1689 Ludovicus
1123 1656 1217 1689 rex
1266 1638 1622 1690 Gislebertum
1669 1640 1961 1690 extinctum

123 1707 466 1775 comperiens,
513 1706 729 1757 multam
767 1706 820 1755 in
859 1707 969 1757 eius
1021 1725 1147 1758 casu
1197 1708 1706 1760 commiserationem
1756 1707 1956 1760 habuit.

119 1775 295 1844 Atque
321 1777 374 1825 in
393 1774 666 1842 Belgicam
691 1775 969 1844 profectus,
999 1777 1107 1827 eius
1135 1795 1354 1828 uxorem
1380 1776 1722 1846 Gerbergam,
1751 1778 1961 1829 Ottonis

120 1863 368 1910 sororem,
427 1845 668 1913 coniugio
709 1844 862 1895 duxit
898 1863 1118 1914 eamque
1157 1864 1333 1897 secum
1372 1847 1609 1914 reginam
1647 1848 1701 1896 in
1740 1865 1960 1915 regnum

120 1915 390 1966 coronavit
405 1923 440 1964 3.

258 2014 338 2064 20.
378 2012 690 2065 Wilelmusg
729 2012 839 2063 dux
877 2014 1199 2081 piratarum&g
1236 2015 1347 2082 regi
1386 2021 1603 2065 contrag
1642 2032 1821 2066 omnes

855 2083 1012 2134 fidem
1048 2084 1232 2135 iuratg.

255 2166 401 2216 Dum
451 2165 579 2218 haec
629 2165 871 2217 Lauduni
919 2176 1238 2235 gererentur,
1297 2166 1573 2219 l'Vilelmus
1628 2167 1955 2235 piratarum⁴

118 2234 230 2286 dux
264 2234 464 2304 legatos
502 2236 613 2304 regi
651 2235 842 2304 dirigit,
895 2238 984 2305 qui
1034 2255 1145 2288 sese
1197 2237 1320 2287 satis
1366 2237 1413 2287 ei
1450 2234 1660 2287 fidelem
1697 2236 1956 2288 indicent:

1985 397 2065 431 939.

1979 1506 2071 1541 ⁸fol.
2103 1510 2160 1543 18.

1983 2182 2067 2217 940.

120 2322 222 2374 quo
270 2323 365 2356 rex
413 2305 604 2370 iubeat,
661 2323 772 2357 sese
828 2322 1167 2357 occursurum
1224 2306 1487 2375 fidemque
1544 2312 1725 2356 contra
1780 2324 1989 2363 01111103,

241 2454 278 2507 *)
313 2455 375 2494 ire
408 2454 636 2504 festinans,
672 2454 858 2495 collecto
893 2456 1100 2504 exercitu,
1134 2459 1234 2507 post
1266 2455 1436 2494 hostem
1470 2454 1693 2494 accelerat
1726 2455 1962 2495 transiens-

318 2527 401 2567 que
433 2515 634 2554 Rhenum
668 2519 825 2554 terram
856 2515 978 2555 illam
1011 2515 1233 2555 solotenus
1268 2514 1376 2554 Ekk.

223 2573 281 2626 **)
315 2575 543 2627 parabant,
569 2580 611 2614 et
635 2588 740 2614 ecce
765 2576 867 2615 Otto
893 2588 946 2614 ex
969 2580 1061 2615 tota
1085 2575 1276 2615 saxonia
1302 2574 1511 2615 collectas
1538 2576 1687 2627 copias
1712 2589 1751 2614 a.
1775 2576 1802 2614 i.
1848 2574 1961 2615 Ekk.

202 2632 282 2687 ***)
316 2634 484 2687 Belgae
518 2636 667 2687 itaque
702 2648 798 2674 cum
835 2635 947 2674 duce
982 2648 1058 2675 suo
1092 2635 1391 2674 indubitanter
1423 2636 1661 2676 renitentes
1695 2635 1806 2675 Ekk.

241 2693 280 2747 †)
314 2696 474 2735 flumen
507 2696 644 2747 signis
677 2695 847 2734 infestis
879 2695 991 2734 Elrlc.

220 2753 282 2808 Η)
318 2761 361 2796 et
389 2769 441 2795 ex
472 2760 651 2808 utraque
685 2759 807 2808 parte
842 2755 965 2795 multi
997 2755 1247 2795 funduntur.
1310 2754 1420 2794 Eli-lc.

200 2813 284 2869 †††)
320 2820 385 2856 est
421 2838 474 2844 -
509 2817 654 2856 stratis
687 2815 842 2856 desunt
873 2815 984 2855 Elaia.

219 2874 280 2930 †*)
313 2877 423 2916 Nam
459 2889 556 2915 cum
592 2876 704 2916 duae
738 2876 902 2915 terciae
937 2888 1083 2915 eorum
1117 2875 1238 2915 fusae
1271 2876 1468 2915 iacerent
1492 2879 1535 2915 et
1559 2875 1831 2916 Giselbertus
1861 2888 1961 2916 suos

315 2936 530 2976 defecisse
564 2936 691 2983 adeo,
735 2937 1011 2976 adversarios
1057 2939 1200 2975 autem
1233 2934 1383 2976 illesos
1416 2935 1711 2986 arbitraretur,
1754 2937 1799 2975 in
1841 2940 1963 2976 tanta

319 2997 572 3036 confusione
605 3010 747 3036 rerum
781 2996 886 3048 fuga
918 2995 1028 3035 Ekk.

223 3054 280 3107 *†)
314 3057 373 3096 At
404 3056 572 3109 Belgae
605 3058 825 3096 interitum
862 3056 985 3096 ducis
1017 3056 1286 3105 ignorantes,
1328 3056 1430 3096 totis
1462 3056 1628 3097 viribus
1663 3055 1962 3105 decertabant,

318 3121 527 3169 tantoque
551 3122 734 3169 egerunt
765 3116 934 3166 robore,
971 3115 1112 3155 donec
1134 3120 1234 3168 post
1258 3116 1551 3156 execrabilem
1575 3115 1959 3156 innumerabilem·

319 3190 402 3229 que
436 3178 672 3226 interitum,
708 3190 855 3217 eorum
891 3177 964 3229 qui
997 3175 1140 3215 relicti
1172 3175 1344 3216 fuerant
1377 3175 1454 3215 alii
1488 3180 1762 3229 caperentur,
1808 3175 1883 3214 alii
1916 3175 1960 3214 in

319 3238 497 3276 fluvium
532 3237 902 3290 demergerentur.
966 3236 1018 3275 L.
1051 3240 1196 3276 autem
1229 3249 1307 3276 rex
1340 3235 1448 3276 Ekk.

222 3324 258 3366 a)
285 3326 353 3367 Im,
392 3327 450 3367 be,
491 3335 538 3366 m,
575 3334 597 3356 a
623 3326 715 3358 absc.
838 3324 875 3366 b)
899 3329 981 3364 post
1008 3325 1088 3357 add.
1215 3323 1249 3365 c)
1278 3327 1314 3357 et
1349 3329 1476 3357 tamen
1505 3327 1535 3358 1.
1663 3323 1700 3364 d)
1727 3323 1902 3355 occubuit
1929 3325 1962 3355 1.

118 3371 160 3414 12⁴)
189 3375 312 3406 enecti
340 3376 371 3405 1.
471 3375 500 3414 f)
530 3375 696 3413 exempti
724 3374 756 3405 1.
856 3371 893 3412 g)
923 3382 1019 3414 mus,
1047 3376 1095 3414 ta,
1122 3376 1218 3414 ntra,
1245 3374 1343 3404 iurat
1370 3375 1461 3405 absc.

249 3452 292 3504 1)
324 3453 450 3493 Haec
481 3454 709 3495 Rieherus.
827 3451 871 3502 2)
905 3453 972 3492 Ex
1005 3452 1133 3492 Flod.
1250 3450 1298 3506 3)
1335 3452 1400 3492 Cf.
1435 3450 1605 3492 Artoldi
1651 3450 1791 3502 epist„
1832 3448 1961 3490 Flod.

123 3510 242 3553 Hist.
274 3513 398 3555 Rem.
433 3514 510 3564 IV,
545 3513 617 3553 35.
753 3510 801 3564 4)
834 3513 864 3553 i.
889 3525 926 3553 e.
960 3511 1336 3554 Nordmannorum
1370 3511 1758 3552 Rhodomensium.

1542 3581 1576 3629 4
