2240 3879
277 233 333 271 22
707 223 964 265 RICHERI
995 222 1416 266 HISTORIARUM
1446 222 1632 263 LIBER
1665 222 1702 263 1.

276 368 348 419 At
402 367 727 435 pirataruma
780 362 1014 432 legiones
1078 360 1237 430 longo
1294 378 1407 413 sese
1472 358 1653 410 ordine
1716 358 2127 428 protenderantb

276 439 555 506 ipsumque
595 433 831 485 ordinem
857 430 926 484 ad
950 431 1126 484 hostes
1153 428 1496 500 excipiendos
1524 437 1872 480 curvaverant
1898 435 2129 479 scemate

275 506 430 557 lunae
468 520 602 574 quae
637 503 694 553 in
729 503 1047 570 augmento*
1083 507 1176 565 est,
1225 508 1297 566 ut,
1349 498 1475 550 dum
1511 496 1674 548 multo
1712 496 1918 549 fervore
1955 498 2130 548 hostes

276 581 512 639 ruerent,
574 572 836 624 exercitus
887 569 1225 622 circulatione
1272 569 1668 637 exciperentur,
1743 566 1819 617 sic
1868 568 2026 619 etiam
2064 564 2131 616 ab

278 646 340 695 iis
379 644 469 713 qui
503 643 560 692 in
596 659 760 692 cornu
795 648 1017 709 utroque
1055 640 1395 708 persisterent
1432 655 1463 687 a
1497 644 1647 705 tergo
1684 636 1930 704 appetiti,
1986 653 2134 686 more

280 711 542 782 pecudum
581 718 946 762 sternerentur.

418 781 500 833 30.
550 780 650 830 His
677 797 803 847 ergo
829 780 883 828 in
907 786 1130 846 utraque
1155 785 1304 847 parte
1330 776 1543 845 paratis,
1570 783 1791 842 uterque
1811 773 2074 824 exercitus
2086 774 2133 797 **

283 851 445 920 signis
495 848 693 900 collatis
741 847 1089 916 congreditur.
1189 847 1470 898 Rotbertus
1521 852 1605 896 etc
1661 841 1962 894 Dalmatius
2015 859 2136 893 cum

280 919 559 989 Aquitanis
594 916 826 986 legiones
863 917 1155 985 piratarum
1201 923 1477 984 penetrant
1523 913 1805 981 statimque
1840 910 1907 962 ab
1945 911 2009 962 iis
2048 912 2138 980 qui

280 991 335 1039 in
395 986 639 1039 cornibus
700 993 848 1037 erant
907 1004 937 1036 a
997 993 1145 1053 tergo
1205 986 1545 1053 impetuntur.
1634 982 1767 1033 Mox
1822 998 2032 1050 quoque
2088 987 2138 1031 et

282 1056 480 1126 Belgae
495 1058 566 1080 ***
603 1055 861 1124 inprovisi
897 1061 1290 1123 prosequuntur
1327 1062 1483 1122 atque
1519 1053 1746 1121 piratas,
1794 1051 1884 1119 qui
1921 1067 1952 1100 a
1987 1058 2138 1119 tergo

283 1145 403 1178 suos
454 1126 790 1195 premebant,
850 1124 1069 1174 immani
1119 1123 1247 1174 cede
1307 1129 1558 1173 sternunt.
1646 1120 1879 1172 Neustrii
1926 1137 2138 1189 quoque

282 1196 606 1248 atrocissime
662 1195 871 1244 instant.
963 1193 1027 1244 In
1084 1210 1188 1262 qua
1226 1191 1630 1257 commixtione,
1689 1208 1808 1240 cum
1847 1188 2136 1258 Aquitani†

283 1266 467 1334 piratis
514 1263 826 1314 circumdati
882 1261 1086 1313 multod
1144 1262 1421 1312 conamine
1471 1278 1560 1311 eos
1618 1276 1748 1328 quos
1796 1257 2140 1327 impellebant

283 1337 338 1385 in
375 1334 553 1402 fugam
592 1339 861 1401 cogerent,
898 1332 968 1381 iie
1009 1332 1099 1400 qui
1134 1331 1190 1381 in
1227 1328 1474 1381 cornibus
1512 1329 1849 1397 perstiterant
1893 1346 1925 1378 a
1960 1326 2138 1396 Belgis

283 1404 362 1455 etf
398 1402 654 1454 Neustriis
691 1401 814 1452 hinc
848 1402 1239 1469 premebantur,
1286 1399 1409 1450 inde
1444 1416 1569 1450 vero
1607 1396 1673 1448 ab
1699 1397 1981 1466 Aquitanis
2019 1414 2140 1448 con-

282 1474 445 1524 versis
483 1470 705 1523 letaliter
741 1469 1079 1538 urgebantur.
1155 1468 1403 1537 Superati
1448 1469 1626 1537 itaque
1673 1484 1821 1518 arma
1870 1465 2142 1535 deponunt

283 1559 345 1592 ac
381 1539 557 1592 multis
593 1539 908 1591 clamoribus
947 1557 1043 1608 pro
1081 1539 1190 1590 vita
1217 1537 1568 1607 supplicantg.
1641 1535 1924 1588 Rotbertus
1962 1537 2141 1604 itaque

283 1611 491 1662 tantaeh
532 1609 682 1660 caedi
719 1627 937 1677 parcere
974 1609 1107 1677 petit
1143 1625 1206 1658 ac
1243 1609 1402 1658 instat
1438 1615 1496 1658 ut
1532 1613 1793 1658 eruantur.
1867 1605 1977 1657 Vix
2015 1621 2140 1674 quo-

286 1697 387 1748 que
425 1678 491 1730 ab
531 1678 691 1730 caede
731 1679 930 1747 quievit
967 1678 1259 1742 exercitUS,
1311 1675 1476 1728 multo
1514 1676 1864 1746 prosperioris
1900 1673 2139 1726 fortunae

283 1749 529 1800 incitatus
568 1765 835 1798 successu.
911 1747 1105 1799 Sedato
1142 1764 1268 1798 vero
1306 1746 1546 1812 tumulto,
1586 1746 1677 1814 qui
1712 1744 1847 1796 inter
1883 1762 1971 1796 eos
2007 1744 2141 1813 poti-

286 1837 400 1870 ores
454 1816 774 1868 videbantur
829 1835 859 1866 a
905 1816 1037 1867 duce
1094 1817 1236 1885 capti
1284 1824 1428 1882 sunt,
1478 1815 1668 1885 reliqui
1716 1832 1841 1866 vero
1896 1814 1993 1865 sub
2031 1813 2143 1869 iure

289 1886 536 1938 obsidum
574 1886 640 1936 ad
680 1885 898 1937 classem
936 1886 1106 1937 redire
1145 1886 1533 1954 permittuntur.

426 1955 508 2006 31.
580 1957 797 2006 Patrata
842 1973 966 2024 ergo
1012 1955 1258 2019 victoria,
1306 1954 1674 2024 exercituquei
1715 1952 1962 2018 soluto††,
2018 1952 2143 2003 Rot-

286 2025 464 2077 bertus
519 2032 700 2093 captos
720 2026 785 2058 †††
823 2024 1015 2075 Parisii
1062 2024 1295 2092 deponit.
1391 2024 1561 2075 Hos†*
1607 2023 2022 2093 percunctansk,
2076 2039 2144 2073 an

286 2095 554 2145 christiani
569 2095 592 2126 ¹³
660 2102 864 2159 essent,
920 2093 1120 2144 nullum
1189 2094 1412 2144 eorumk
1483 2094 1768 2162 quicquam
1827 2090 2139 2158 religionisk

285 2162 620 2215 huiusmodik
682 2164 985 2231 attigissek,
1047 2164 1321 2230 comperit.
1418 2162 1580 2213 Misso
1649 2164 1827 2231 itaque
1887 2161 1990 2212 adk
2053 2178 2142 2212 eos

286 2232 655 2284 instruendosk
712 2232 999 2284 reverendo
1051 2232 1344 2301 presbitero
1361 2233 1384 2264 k
1432 2240 1483 2284 et
1538 2234 1797 2283 monacho
1855 2230 2084 2282 Martino
2101 2231 2141 2295 ¹³,

286 2302 353 2352 ad
391 2301 550 2353 fidem
591 2301 823 2353 Christik
874 2303 1128 2361 conversi,
1166 2310 1299 2352 sunt.
1376 2301 1521 2366 Quik
1566 2319 1691 2353 vero
1751 2301 1820 2352 ad
1882 2298 2144 2351 classemk

286 2371 580 2437 redierant,
620 2370 742 2422 aliik
782 2389 964 2422 eorum
1002 2371 1273 2422 christiani
1289 2372 1340 2437 ¹¹,
1385 2370 1473 2421 alii
1511 2371 1747 2440 paganik
1786 2371 2030 2421 mixtimh
2069 2370 2143 2420 in-

409 2476 445 2529 *)
481 2491 523 2528 q.
560 2477 714 2529 quinta
749 2481 815 2516 est
851 2478 892 2514 1.

387 2535 445 2588 **)
482 2551 519 2577 e.
539 2550 636 2576 cum
661 2538 848 2577 maximo
871 2536 1060 2577 clamore
1081 2550 1179 2576 cum
1198 2535 1325 2589 (del.)
1347 2537 1484 2588 signis
1507 2537 1680 2577 infestis
1710 2565 1871 2577 ......
1904 2536 1942 2585 1,
1967 2548 2080 2576 corr.
2101 2535 2143 2576 2.

368 2596 448 2650 ***)
485 2602 526 2637 et
561 2597 832 2638 Gislebertus
879 2610 977 2637 curn
1019 2597 1171 2649 Belgis
1213 2598 1461 2650 inprovisus
1503 2598 1782 2651 prosequitur
1819 2619 1872 2625 —
1907 2597 2064 2637 sternit
2100 2597 2139 2636 1.

409 2656 444 2707 ÷J
482 2658 651 2710 Belgae
686 2671 712 2697 a
745 2672 787 2710 p.
826 2659 844 2695 1
989 2655 1049 2709 ††)
1086 2659 1271 2710 quisque
1305 2659 1364 2698 ad
1399 2671 1478 2698 sua
1510 2659 1642 2698 rediit
1676 2658 1780 2699 add.
1818 2658 1857 2705 1,
1891 2657 1977 2697 del.
2013 2657 2054 2698 2.

366 2715 449 2769 ἢῆ)
484 2720 535 2759 R.
570 2731 673 2759 vero
708 2718 885 2758 obsides
919 2720 1157 2770 piratarum
1196 2721 1233 2767 1,
1269 2733 1378 2759 corr.
1416 2719 1457 2759 2.

389 2776 450 2832 †*)
483 2780 577 2819 Hos
613 2801 667 2806 —
703 2779 1040 2832 metropolitano
1076 2777 1133 2832 (c.
1158 2777 1237 2832 32)
1272 2778 1318 2819 in
1341 2793 1481 2833 marg.
1508 2780 1548 2828 2,
1582 2778 1730 2820 deletis
1758 2791 1871 2831 quae
1898 2779 1920 2817 1
1955 2775 2140 2830 scripse-

484 2844 581 2878 rat:
631 2840 699 2878 An
741 2839 930 2879 fideliter
973 2840 1189 2893 baptizari
1221 2841 1538 2894 spoponderint
1582 2839 1921 2891 diligentissime
1965 2839 2142 2892 perqui-

484 2913 598 2939 rens.
665 2899 899 2953 Comperto
933 2914 1050 2950 vero,
1085 2900 1203 2953 quod
1238 2900 1368 2954 (corr.
1404 2898 1542 2954 quia),
1576 2901 1614 2941 si
1649 2901 1710 2941 eis
1744 2905 1859 2940 terra
1892 2900 2004 2939 mari
2037 2911 2141 2939 con-

485 2961 619 3011 tigua,
665 2973 794 3012 quam
828 2962 913 3013 ipsi
954 2974 1129 3013 quoque
1172 2963 1379 3002 insectati
1420 2962 1605 3015 fuerant,
1652 2961 1732 3001 sub
1766 2960 1929 3001 tributo
1965 2959 2143 3000 daretur

489 3020 711 3071 (voapost
736 3020 878 3071 mich),
908 3026 950 3060 et
985 3022 1267 3062 christianam
1301 3023 1560 3074 religionem
1593 3026 1750 3074 sponte
1783 3025 2064 3074 suscepturos
2100 3024 2144 3060 et

487 3081 581 3131 regi
616 3080 856 3120 Galliarum
891 3080 1081 3121 fideliter
1113 3083 1390 3130 militaturos,
1436 3083 1540 3122 huic
1572 3083 1635 3121 rei
1668 3095 1755 3122 non
1788 3080 1991 3122 sufficere
2027 3081 2140 3130 (voc.

477 3145 579 3192 post
604 3140 730 3191 adel.)
759 3141 956 3191 credens,
987 3143 1216 3183 consilium
1248 3143 1295 3183 id
1329 3142 1620 3184 ordinandum
1639 3143 1824 3183 Wittoni
1857 3155 1937 3195 per
1969 3141 2141 3194 legatos

488 3201 637 3252 dirigit
660 3202 1046 3254 Rotomagensium
1077 3205 1302 3257 episcopo.
1365 3204 1549 3243 Necnon
1573 3207 1615 3242 et
1637 3203 1832 3243 Heriveo
1855 3202 2142 3243 Remensium

487 3261 824 3314 metropolitano
858 3262 976 3303 idem
1009 3264 1163 3316 pandit
1190 3277 1242 3304 ac
1267 3265 1322 3304 ab
1361 3277 1412 3304 eo
1445 3265 1659 3304 rationem
1693 3264 1818 3317 petit.
1883 3263 1944 3302 Hi
1978 3263 2141 3303 etenim

488 3321 572 3361 duo
607 3321 933 3374 metropolitani
967 3323 1166 3364 celebres
1199 3351 2067 3365 .............................
2095 3323 2142 3361 in

489 3381 645 3423 Galliis
678 3386 781 3422 tunc
815 3411 977 3423 ......
1011 3385 1318 3426 credebantur.

388 3455 424 3496 a)
452 3458 600 3497 piratae
629 3459 661 3490 1.
787 3456 824 3497 b)
853 3458 1123 3496 profenderant
1150 3469 1176 3492 c.
1306 3459 1338 3500 c)
1369 3468 1452 3491 cum
1479 3459 1674 3490 Dalmatio
1702 3462 1737 3491 et
1752 3458 1824 3498 Aq.
1855 3459 1887 3491 1.
1991 3456 2028 3498 d)
2057 3467 2143 3490 cum

291 3514 337 3536 τη.
369 3508 399 3536 1.
514 3505 549 3546 e)
578 3507 623 3536 iis
651 3514 743 3537 corr.
775 3506 813 3536 ii.
928 3506 955 3545 f)
986 3508 1076 3541 absc.
1195 3507 1233 3550 g)
1261 3509 1406 3540 dimidia
1425 3508 1506 3547 sere
1532 3508 1626 3539 linea
1655 3517 1770 3540 erasa.
1884 3505 1924 3548 h)
1946 3510 2029 3546 post
2056 3507 2139 3539 add.

291 3553 317 3593 i)
347 3563 418 3592 ‘1110
446 3555 528 3586 add.
559 3555 590 3586 2-
677 3553 715 3593 k)
746 3559 770 3595 t,
799 3564 835 3594 11!
863 3563 894 3596 e,
922 3556 946 3596 l,
974 3556 1009 3595 h,
1038 3565 1073 3598 g,
1101 3566 1136 3599 a,
1165 3557 1199 3600 d,
1227 3557 1406 3599 presbite,
1432 3557 1481 3598 M,
1510 3556 1648 3599 Christ,
1676 3556 1720 3598 Q,
1749 3565 1840 3598 sem,
1869 3564 1902 3598 a,
1929 3556 1954 3597 i,
1982 3556 2023 3587 ni
2049 3555 2141 3586 absc.
