2240 3879
470 263 722 305 RICHERI
755 262 1166 306 HISTORIARUM
1199 263 1380 303 LIBER
1414 263 1449 303 Ι.
1856 264 1881 302 3

653 404 700 455 3.
772 403 946 453 Mores
986 398 1272 450 Gallorum.

189 487 441 539 Omnium
479 506 603 556 ergo
645 485 932 538 Galliarum
979 482 1161 553 populi
1198 484 1409 533 innataa
1445 482 1688 533 audatiaa
1726 482 1883 552 pluri-

50 575 193 608 mum
249 556 554 623 efferuntur,
615 555 991 606 calumniarum
1049 553 1396 620 impatientes.
1471 552 1529 603 Si
1588 553 1882 615 incitantur,

51 625 265 678 cedibus
292 626 543 691 exultant,
584 624 886 692 efferatique
923 621 1284 673 inclementius
1312 620 1634 673 adoriuntur.
1710 620 1883 673 Semel

49 713 357 763 persuasum
383 713 443 746 ac
469 693 753 746 rationibus
779 691 1130 761 approbatum
1167 692 1259 742 vix
1295 689 1525 742 refellere
1552 698 1884 741 consuerunt.

48 764 204 816 Unde
251 773 302 816 et
344 764 736 815 Hieronimus1:
794 760 963 826 ‘Sola⁷,
1010 761 1229 829 inquitb,
1281 759 1470 811 ‘Gallia
1515 769 1745 811 monstra
1781 777 1886 809 non

47 833 244 900 habuit,
272 833 363 885 sed
387 833 512 885 viris
536 831 878 900 prudentibus
905 838 955 882 et
980 829 1416 898 eloquentissimis
1443 847 1647 898 semper
1673 828 1886 880 claruit'.

48 904 263 956 Praeter
298 902 426 953 haec
464 906 696 970 *quoque
733 900 930 970 Belgae
966 900 1122 951 rebus
1161 898 1502 968 disponendis
1551 899 1879 966 insigniores,

49 973 236 1025 robore
274 981 428 1039 atque
465 969 676 1021 audatia
712 988 816 1021 non
852 970 1096 1038 impares.
1168 969 1403 1019 Maxima
1442 986 1678 1037 quaeque
1714 968 1881 1034 magis

48 1043 257 1112 ingenio
285 1058 440 1110 quam
464 1039 661 1091 viribus
687 1047 942 1108 appetunt
957 1049 990 1089 0.
1064 1039 1133 1089 Et
1172 1039 1214 1089 si
1251 1039 1459 1106 ingenio
1497 1039 1551 1088 in
1577 1037 1886 1107 appetendis

49 1117 331 1174 cassantur,
387 1107 586 1161 viribus
638 1109 889 1160 audacter
934 1116 1165 1159 utuntur.
1242 1106 1359 1158 Cibi
1414 1108 1572 1159 etiam
1625 1114 1885 1176 potusque

47 1179 177 1231 adeo
214 1178 378 1248 parci.
453 1176 631 1229 Celtae
680 1196 802 1229 vero
848 1196 911 1228 ac
949 1178 1203 1247 Aquitani
1249 1175 1464 1228 consilio
1514 1175 1667 1227 simul
1713 1184 1763 1227 et
1799 1193 1886 1226 au·

46 1249 187 1301 datia
240 1246 467 1317 plurimi.
541 1246 718 1299 Rebus
775 1246 1034 1298 seditiosis
1089 1246 1353 1297 commodi
1368 1247 1405 1301 d.
1480 1245 1657 1297 Celtae
1711 1254 1888 1296 tamen

45 1319 215 1387 magis
254 1317 478 1386 providi.
540 1316 792 1386 Aquitani
826 1334 950 1368 vero
996 1316 1280 1385 precipites
1317 1324 1544 1385 aguntur
1579 1314 1883 1383 plurimum-

46 1406 145 1457 que
182 1389 237 1439 in
275 1385 511 1437 ciborum
547 1387 823 1455 rapiuntur
859 1386 1167 1455 appetitum.
1243 1386 1399 1450 Quod
1425 1386 1500 1436 sic
1527 1393 1604 1436 est
1629 1385 1703 1436 eis
1740 1384 1884 1434 inna-

44 1465 170 1522 tum,
209 1464 267 1507 ut
301 1465 476 1524 preter
520 1464 763 1507 naturam
810 1474 916 1507 non
959 1462 1225 1525 appetant.
1299 1455 1440 1506 Hinc
1475 1464 1525 1507 et
1553 1453 1880 1523 Sulpicius2:

47 1526 337 1591 ‘Edacitas⁷,
388 1526 607 1595 inquitb,
667 1526 736 1575 ‘in
785 1524 972 1577 Grecis
1029 1524 1153 1594 gula
1198 1532 1289 1589 est,
1345 1525 1399 1574 in
1444 1523 1608 1575 Gallis
1662 1525 1883 1574 natm'a³.

45 1595 196 1647 Hos*
235 1613 414 1647 omnes
451 1593 689 1664 populos,
739 1595 867 1646 etsie
906 1604 1092 1646 natura
1127 1593 1344 1659 feroces,
1384 1592 1475 1644 fab
1513 1594 1728 1661 antiquo
1777 1593 1884 1643 fere

43 1674 171 1734 perg
208 1665 383 1716 omnia
407 1682 656 1734 prospere
683 1666 870 1732 egisse,
910 1672 959 1715 et
984 1664 1139 1714 cumll
1165 1663 1362 1731 pagani
1387 1670 1573 1727 essent,
1610 1661 1882 1713 historiaei

44 1734 270 1786 tradunt.
342 1735 472 1785 Post
506 1751 628 1784 vero
669 1750 699 1782 a
740 1732 937 1804 [sancto
986 1733 1229 1800 Remigio
1245 1733 1288 1804 ¹³]
1316 1732 1585 1802 baptizati,
1623 1731 1884 1799 adprime¹

46 1802 236 1856 claram
276 1822 484 1872 semper
519 1803 742 1853 Victoria
779 1803 1089 1854 emicuissen
1126 1802 1375 1853 feruntur.
1450 1802 1719 1865 Quorum⁰
1761 1818 1881 1869 quo-

46 1892 146 1942 que
170 1873 371 1942 primus
397 1891 492 1923 rex
518 1872 828 1924 christianus
858 1871 1153 1922 (s'lodoveus
1178 1870 1338 1921 fuisse
1363 1870 1656 1921 traditur**.
1703 1868 1753 1919 A
1815 1887 1882 1918 uo

40 1961 136 2012 per
173 1941 506 1993 succedentia
542 1950 780 2010 tempora
815 1941 1250 2010 imperatoribus?
1291 1940 1518 2008 egregiis
1554 1958 1635 1990 res
1672 1939 1780 2008 pub
1808 1940 1886 1988 'ca

43 2012 334 2080 gubernata
369 2011 530 2062 fuisse
569 2011 871 2076 dinoscitur,
911 2028 1077 2079 usque
1115 2010 1182 2061 ad
1206 2007 1476 2076 Karolum,
1514 2027 1545 2059 a
1585 2027 1687 2077 quo
1725 2008 1882 2059 histo-

42 2081 150 2133 riae
188 2098 453 2132 sumemus
490 2080 710 2131 initium.

41 2180 89 2231 4.
164 2179 320 2245 Quod
367 2180 432 2231 ob
482 2179 755 2231 infantiam
807 2186 857 2230 et
893 2179 1190 2248 principum
1227 2178 1624 2231 dissidentiam‘l
1662 2185 1878 2246 pyratae

655 2248 889 2300 Galliasq
927 2249 1210 2318 irruperint
1225 2259 1262 2302 (Ι.

178 2333 282 2385 Hic
319 2343 522 2403 patrem
557 2333 741 2386 habuit
772 2332 1191 2384 Karlomannum
1205 2334 1277 2359 ***
1303 2351 1483 2401 regem
1499 2341 1535 2398 3,
1573 2348 1730 2383 avum
1755 2348 1880 2381 vero

42 2411 317 2470 paternum
353 2403 682 2454 Ludovicum
732 2410 1078 2471 cognomento
1116 2402 1357 2468 Balbum,
1413 2403 1670 2454 abavumr
1707 2407 1881 2451 autem

41 2471 296 2522 Karolum
335 2470 570 2536 Calvum,
610 2471 991 2523 Germanorum
1018 2481 1174 2541 atque
1202 2471 1474 2522 Gallorum
1511 2471 1881 2539 imperatorem

44 2540 328 2608 egregium.
409 2540 623 2590 Biennis
674 2541 844 2592 adhuc
893 2550 1096 2608 patrem
1145 2541 1344 2605 amisit3
1399 2542 1599 2591 matre†
1648 2539 1739 2589 vix
1787 2557 1881 2606 per

0 2643 1 2665 2
44 2609 443 2679 quadriennium
470 2610 762 2678 superstite.
837 2609 922 2661 Ob
951 2611 1097 2661 cuius
1123 2609 1428 2660 infantiam4
1456 2627 1574 2659 cum
1600 2625 1878 2677 regnorum

163 2711 201 2765 *)
236 2713 328 2753 Hos
364 2735 416 2742 -
455 2713 713 2754 christianus
746 2713 792 2753 in
825 2728 961 2768 mccry.
996 2716 1035 2754 2.

146 2771 202 2826 **)
237 2775 302 2813 vir
334 2773 478 2813 audax
512 2779 554 2814 et
586 2778 784 2814 strenuus
820 2779 862 2814 et
895 2789 978 2827 quo
1010 2774 1156 2815 nullus
1198 2779 1297 2826 post
1340 2787 1437 2814 eum
1469 2775 1633 2828 pietate
1667 2773 1882 2827 bellisque

238 2847 443 2887 umquam
477 2836 617 2886 magis
652 2835 806 2874 enituit
838 2835 943 2875 add.
977 2835 1087 2875 Elak.

123 2892 202 2947 ***)
236 2895 359 2934 Karl.
394 2917 449 2924 —
483 2895 655 2936 Ludov.
690 2895 735 2934 in
769 2895 857 2935 loco
892 2909 991 2936 raso
1026 2896 1066 2935 2.

163 2952 204 3007 †)
239 2970 296 2996 m.
327 2955 459 3009 paulo
495 2961 595 2997 ante
629 2958 791 2996 amissa
830 2957 865 2994 l.

139 3051 176 3093 a)
205 3062 221 3083 e
247 3062 339 3086 corr.
439 3052 476 3093 b)
504 3058 583 3093 post
610 3054 690 3086 add.
789 3052 823 3094 c)
852 3056 1032 3094 appetent
1057 3062 1150 3084 corr.
1180 3056 1374 3092 appetunt.
1471 3053 1508 3095 d)
1538 3052 1771 3083 accommodi
1796 3052 1880 3084 Eklc.

43 3099 79 3141 e)
113 3111 130 3133 s
158 3102 227 3133 etsi
254 3102 345 3132 absc.
472 3101 502 3143 f)
531 3125 539 3133 .
568 3130 574 3136 .
605 3124 614 3133 .
642 3103 697 3133 rie
725 3102 882 3134 deletum.
998 3100 1034 3142 g)
1062 3111 1097 3141 p.
1126 3110 1158 3133 0.
1188 3101 1301 3141 absc.;
1335 3103 1446 3133 locum
1485 3101 1687 3134 Eltkelzardo
1726 3100 1879 3131 adhibito

42 3151 197 3181 restituit
223 3150 262 3182 P.
349 3148 386 3190 h)
418 3159 480 3181 um
507 3160 557 3190 pa
582 3151 674 3182 absc.
762 3149 789 3191 i)
819 3159 863 3182 ae
891 3154 948 3181 tra
974 3151 1066 3182 absc.
1144 3149 1182 3190 k)
1213 3151 1383 3189 quaedam
1409 3151 1522 3192 absc.;
1550 3153 1680 3180 saneto
1706 3149 1880 3187 Remigio

41 3198 96 3242 (S.
112 3198 172 3240 R.)
200 3198 314 3238 suppl.
331 3207 370 3230 ex
384 3199 467 3230 Ekk.
483 3199 523 3232 P.
621 3199 648 3239 l)
677 3200 785 3239 adpri
812 3200 928 3238 absc.;
957 3201 1088 3230 contra
1116 3207 1245 3230 omncs
1273 3200 1442 3238 gentium
1470 3204 1687 3232 exterarum
1713 3199 1878 3236 impetus

43 3248 146 3280 clara
172 3257 199 3279 s.
228 3251 340 3286 atque
367 3248 507 3279 illustri
524 3257 557 3280 v.
575 3248 659 3280 Ekk.
736 3247 788 3288 m)
805 3257 826 3279 a
843 3256 990 3289 semper
1006 3247 1097 3278 absc.
1172 3246 1212 3288 n)
1241 3249 1363 3279 emicu
1387 3249 1481 3281 absc.
1559 3246 1594 3287 o)
1610 3247 1753 3279 Horum
1771 3255 1826 3285 pr.
1847 3249 1879 3280 1.

41 3295 82 3336 p)
109 3297 200 3336 imp.
229 3315 268 3320 —
300 3297 509 3327 dinoscitur
539 3297 695 3336 primum
727 3301 810 3336 post
849 3305 1038 3328 sumemus
1073 3296 1225 3327 initium
1259 3305 1335 3328 cum
1360 3297 1414 3328 his
1439 3299 1477 3329 in
1504 3298 1577 3329 loco
1611 3307 1694 3329 raso
1732 3299 1877 3337 scripta.

43 3342 82 3385 q)
110 3345 213 3386 tiam,
240 3346 319 3386 alli,
347 3346 425 3375 rint
448 3345 542 3376 absc.
654 3346 685 3386 r)
714 3346 759 3378 ab
788 3349 816 3376 et
843 3349 968 3378 autem
997 3354 1011 3375 e
1038 3353 1127 3377 corr.

166 3423 212 3477 1)
244 3425 326 3478 Ep.
361 3423 430 3464 60.
466 3423 566 3465 adv.
601 3424 814 3477 Vigilant.
940 3422 987 3476 2)
1018 3423 1196 3476 Dialog.
1229 3425 1266 3473 Ι,
1285 3425 1327 3466 4.
1452 3423 1499 3477 3)
1532 3427 1670 3466 Immo
1703 3425 1874 3466 Hludo-

43 3484 199 3524 wicum
232 3484 441 3535 Balbum,
472 3489 521 3524 ut
552 3487 672 3538 prius
705 3486 955 3539 scripserat.
1079 3482 1126 3537 4)
1159 3485 1395 3526 Richerum
1434 3486 1546 3526 haec
1579 3488 1720 3527 minus
1754 3492 1873 3527 recte

42 3543 230 3595 tradere,
264 3545 336 3585 vix
369 3550 435 3586 est
467 3545 583 3598 quod
615 3559 898 3597 moneamus3
932 3545 1226 3586 Ekkehardus
1261 3559 1313 3586 ea
1346 3547 1575 3600 exscripsit
1607 3561 1648 3600 p.
1685 3545 1783 3586 180.

1430 3617 1494 3666 1*

1902 909 1913 920 ⁸
1928 911 1994 943 fol.
2019 912 2052 944 2.
