2240 3879
542 232 794 273 RICHERI
827 232 1244 274 HISTORIARUM
1276 233 1458 274 LIBER
1493 235 1551 275 11.
1922 237 1977 277 69

133 376 520 439 tractatumque
557 369 786 437 uberius,
827 370 954 439 quid
991 368 1213 420 *efficiat
1256 368 1647 438 farmaceutica,
1688 373 1814 442 quid
1851 393 1974 428 vero
1996 391 2077 423 946.

135 439 410 506 cirurgica,
457 438 584 508 quid
621 440 779 491 etiam
817 438 1078 490 butanica.
1149 437 1223 489 At
1270 437 1645 506 Salernitanus,
1697 438 2156 512 peregrina'p·‘³⁰¹·

132 508 347 560 nomina
380 525 487 559 non
522 507 814 574 advertens,
861 508 927 559 ab
965 523 1145 558 eorum
1193 507 1620 576 interpretatione
1659 511 1973 565 crubescens

134 577 348 647 quievit.
437 577 648 629 Invidet
697 595 820 645 ergo
871 575 1158 646 plurimum
1204 593 1265 626 ac
1313 577 1367 626 in
1415 578 1525 628 eius
1563 588 1784 631 mortem
1822 600 1973 635 vene-

132 664 260 698 num
295 663 483 715 parare
519 646 827 711 meditatur,
866 644 1117 696 multama
1156 644 1334 697 dolose
1373 645 1778 699 benivolentiam
1817 652 1972 702 simu-

131 713 260 766 lanS.
313 716 506 767 Parato
544 733 668 767 vero
704 713 979 779 maleficio,
1019 731 1139 764 cum
1176 731 1281 765 una
1317 716 1372 765 in
1409 715 1630 783 prandio
1669 718 1974 785 residerent,

134 784 492 837 Salernitanus
529 803 705 852 ungue
743 783 981 852 inpudici
1017 784 1267 849 toxica-to,
1318 782 1576 852 liquorem
1613 787 1828 855 piperiS,
1869 807 1971 857 quo

132 854 308 905 cibum
345 855 540 923 pariter
575 852 955 921 intinguebant,
994 851 1251 904 loetaliter
1286 853 1464 905 inficit.
1551 855 1668 920 Quo
1706 856 1971 910 Deroldus

130 924 339 974 incaute
399 931 606 991 sumpto
620 962 634 987 ,
694 939 821 972 mox
882 929 1122 990 serpente
1175 940 1402 989 venenO,
1467 923 1687 977 deficere
1744 928 1970 995 coepitb.

130 991 475 1062 Eductusque
512 1010 543 1042 a
579 992 702 1055 suiS,
740 991 968 1041 teriacac
1004 991 1113 1042 vim
1149 992 1339 1042 veneni
1383 992 1602 1061 repellit.
1690 994 1760 1047 Et
1797 996 1969 1048 triduo

131 1060 339 1130 expleto
390 1078 566 1113 coram
612 1059 837 1125 rediens,
888 1059 1215 1112 Salernitano
1261 1061 1656 1114 consuescebat.
1742 1065 1969 1118 Interro-

127 1138 282 1199 gatus
318 1147 459 1195 νει-ο,
511 1129 637 1199 quid
675 1130 724 1180 ei
760 1129 1051 1194 accidisset,
1101 1129 1359 1181 fleumatis
1409 1130 1640 1199 frigdore
1680 1151 1733 1183 se
1782 1132 1971 1187 leviter

126 1207 322 1252 tactum
357 1198 649 1266 respondit3
702 1199 985 1268 quicquam
1021 1199 1219 1250 fraudis
1257 1218 1310 1250 se
1347 1199 1688 1268 perpendisse
1727 1201 1969 1254 dissimu-

125 1268 257 1320 lans,
341 1268 497 1319 Unde
547 1276 599 1319 et
643 1267 846 1320 hostem
891 1270 1159 1320 incautum
1210 1268 1383 1321 efficit.
1477 1268 1747 1322 Convivae
1790 1272 1967 1341 itaque

125 1337 330 1402 redditi,
381 1336 645 1388 Deroldus
695 1338 932 1389 toxicum
981 1339 1117 1390 inter
1162 1337 1507 1390 auricularem
1556 1358 1618 1390 ac
1657 1339 1966 1393 salutarem1

127 1405 445 1458 occultatum
484 1407 594 1458 eius
634 1406 787 1458 cibod
825 1407 1079 1459 sumendo
1117 1408 1384 1476 respersit.
1459 1408 1616 1473 Quod
1652 1427 1779 1461 mox
1822 1412 1968 1462 venis

125 1494 358 1546 serpenS,
394 1478 534 1528 vitae
572 1475 798 1528 calorem
834 1477 1065 1545 fugabat.
1139 1476 1482 1547 Vexatusque
1521 1496 1551 1528 a
1598 1479 1704 1530 suis
1749 1480 1967 1531 eductus

125 1552 219 1597 est.
293 1546 399 1610 Qui
423 1564 623 1598 veneno
661 1545 971 1614 expellendo
1003 1564 1214 1615 operam
1242 1546 1387 1613 dans,
1427 1546 1552 1597 nihil
1580 1565 1735 1599 curae
1760 1549 1966 1617 agebat.

124 1613 450 1666 Deroldume
487 1615 666 1684 itaque
699 1616 1044 1683 magnificans
1080 1633 1449 1684 summumque
1479 1634 1600 1667 eum
1625 1617 1679 1667 in
1705 1619 1968 1670 medicina

124 1683 419 1753 predicans,
473 1685 583 1735 eius
633 1702 811 1735 curam
858 1685 1313 1737 vehementissime
1360 1683 1587 1753 petebat.
1672 1686 1775 1751 Qui
1826 1689 1966 1755 regis

123 1754 271 1805 iussu
306 1752 494 1820 flexus,
531 1753 780 1805 antidotis
829 1755 963 1806 datis
1013 1754 1075 1805 af
1111 1755 1289 1805 toxico
1333 1764 1463 1823 perg
1510 1755 1822 1807 industriam
1860 1774 1966 1808 non

124 1841 194 1874 ex
229 1830 337 1875 toto
373 1824 633 1892 purgavit.
706 1823 841 1874 Nam
882 1830 1090 1893 sumpta
1125 1824 1335 1889 teriaca,
1374 1825 1452 1875 vis
1478 1826 1667 1876 veneni
1693 1826 1747 1876 in
1773 1825 1966 1895 pedem

123 1892 390 1943 sinistrum
420 1893 627 1961 penitus
653 1891 859 1963 dilapsa
896 1902 1003 1960 est,
1041 1895 1096 1944 in
1132 1900 1334 1945 tantum
1370 1900 1442 1958 ut,
1481 1895 1624 1962 apud
1650 1894 1965 1947 domesticos

122 1978 184 2013 eo
238 1960 562 2013 familiariter
615 1970 818 2030 agente,
873 1981 1159 2028 venenum,
1216 1963 1311 2013 uth
1365 1962 1585 2029 ferturh,
1640 1965 1695 2013 in
1748 1964 1964 2015 modum

123 2030 305 2082 ciceris
342 2048 374 2081 a
410 2031 542 2100 pede
579 2050 676 2099 per
711 2048 900 2083 venam
951 2049 1170 2100 surgens
1221 2032 1287 2083 ab
1336 2033 1569 2083 antidoto
1620 2033 1865 2085 obviante
1910 2034 1963 2084 in

120 2099 312 2169 pedem
359 2099 710 2168 repelleretur.
797 2100 1003 2165 Quibus
1055 2101 1350 2152 diutissime
1405 2102 1481 2152 sic
1530 2103 1963 2171 repugnantibus,

120 2187 215 2238 pes
269 2170 324 2219 in
380 2170 512 2221 cutis
569 2188 631 2221 su
672 2170 845 2221 erficie
898 2170 1112 2222 foratur.
1192 2170 1463 2239 Factoque
1512 2171 1714 2238 morbO,
1769 2180 1890 2241 post
1933 2189 1964 2222 a

122 2239 340 2307 cirurgis
377 2238 624 2291 miserabi
650 2240 743 2291 'ter
778 2239 1084 2292 absciditur.

260 2308 341 2359 60.
403 2309 670 2360 *Interea2
723 2307 833 2359 dux
869 2309 1172 2360 Neustriam
1222 2309 1550 2360 combustam
1596 2308 1961 2379 direptamque
1980 2327 1994 2359 ·.
2008 2329 2074 2361 soi.
2104 2329 2163 2364 25.

121 2375 318 2442 dolens,
357 2378 646 2429 exercitum
683 2386 850 2446 parat,
890 2379 964 2430 eti
1001 2379 1058 2429 in
1093 2376 1389 2444 Arnulfum,
1428 2395 1547 2429 cum
1573 2378 1626 2428 in
1652 2397 1831 2447 regem
1856 2397 1963 2430 non
1980 2392 2062 2426 94⁷.

120 2445 351 2511 auderet,
387 2445 709 2497 truculentus
749 2447 976 2498 effertur.
1052 2446 1265 2515 Oppida
1303 2465 1512 2516 quoque
1547 2446 1685 2498 illius
1724 2447 1960 2517 aliquotk

120 2515 411 2583 impugnat.
506 2517 578 2566 At
632 2533 751 2566 cum
804 2534 900 2584 per
954 2516 1065 2568 dies
1115 2534 1210 2566 sex
1264 2514 1463 2567 nullum
1519 2516 1960 2584 comprehendere

119 2591 325 2653 posset,
386 2592 508 2635 voto
561 2583 836 2637 frustratus
891 2603 986 2636 sua
1040 2586 1246 2653 repetit.
1337 2585 1486 2649 Quae
1547 2585 1671 2635 dum
1734 2605 1765 2636 a
1825 2585 1960 2637 duce

118 2660 438 2722 gererentur,
474 2671 570 2704 rex
597 2653 867 2706 obsidione
891 2654 1190 2705 Mosomum
1215 2654 1502 2721 premebat,
1539 2672 1599 2705 eo
1640 2654 1780 2724 quod
1812 2655 1961 2706 ducis

118 2739 283 2791 nepos
319 2722 478 2790 Hugo
516 2741 547 2774 a
582 2722 894 2791 pontificatu
930 2723 1166 2775 abiectus
1203 2721 1400 2775 ibidem
1439 2737 1744 2775 moraretur.
1802 2724 1959 2776 Hunc

119 2791 296 2861 itaque
331 2791 611 2844 infestabat
646 2792 701 2842 in
738 2791 886 2843 ducis
930 2790 1312 2843 contumeliam.
1382 2790 1457 2842 At
1494 2792 1682 2844 ducem
1719 2793 1785 2845 ab
1826 2793 1960 2845 obsi-

119 2859 274 2912 dione
301 2860 602 2913 discessisse
629 2862 971 2930 comperiens,
1002 2863 1114 2931 ipse
1142 2878 1351 2930 quoque
1376 2862 1570 2913 Remos
1595 2862 1800 2931 repetit.
1841 2863 1961 2927 Qua

119 2930 277 2982 etia-m
313 2937 622 2998 tempestate
666 2931 815 2982 Bovo
866 2929 1325 2982 Catalaunensium
1376 2931 1656 3000 episcopus
1703 2930 1801 2983 hac
1850 2933 1960 2984 vita

120 2997 358 3051 decessit.
417 2999 518 3052 Cui
555 3000 709 3051 etiam
749 3018 875 3051 mox
914 3001 1184 3051 successitl
1223 2999 1323 3050 ab³
1360 3018 1484 3068 rege
1513 2999 1775 3069 Gipuinus
1803 3001 1960 3052 totius

217 3117 253 3159 a)
290 3118 416 3159 Atque
453 3119 506 3160 (id
532 3120 571 3151 la
596 3118 720 3160 deleta)
757 3119 792 3150 d.
828 3118 863 3151 b.
893 3118 1047 3149 simulat
1080 3119 1112 3151 1.
1225 3117 1264 3159 b)
1302 3120 1403 3159 cepit
1430 3129 1522 3153 corr.
1551 3121 1687 3160 coepit.
1800 3118 1833 3159 c)
1872 3128 1959 3151 mox

120 3175 203 3199 sese
229 3167 312 3201 add.
339 3170 372 3200 1.
485 3167 522 3209 d)
553 3177 583 3201 c.
612 3176 699 3199 mox
727 3169 759 3200 1.
869 3164 904 3206 e)
939 3166 1099 3197 Deroldi
1126 3166 1151 3199 i.
1181 3170 1300 3199 artem
1328 3167 1421 3209 (post
1448 3167 1545 3209 add.)
1576 3171 1607 3199 1.
1717 3166 1745 3207 f)
1785 3176 1806 3199 a
1833 3169 1870 3198 vi
1898 3176 1959 3199 ve-

119 3215 212 3247 neni
248 3224 348 3255 pene
388 3225 497 3256 purg.
539 3219 571 3247 1.
695 3215 734 3256 g)
770 3225 806 3255 p.
843 3215 867 3245 i.
902 3215 940 3245 in
967 3224 1095 3254 marq„
1131 3215 1191 3246 ubi
1225 3220 1303 3248 toto
1342 3217 1511 3256 corporis
1549 3221 1577 3248 ec
1613 3217 1686 3247 alia
1723 3225 1828 3247 erasa
1863 3221 1958 3249 sunt.

119 3261 158 3303 h)
182 3268 266 3303 post
282 3265 362 3298 add.
462 3264 489 3305 i)
513 3265 721 3296 vocabulum
748 3272 899 3295 erasum.
1000 3262 1039 3302 k)
1069 3269 1186 3301 aquot
1211 3274 1303 3298 corr.
1333 3266 1489 3304 aliquot.
1593 3263 1621 3305 l)
1651 3265 1813 3296 donatus
1828 3265 1909 3297 add.
1927 3267 1959 3305 1,

113 3311 274 3350 sortaese
299 3313 403 3344 etiam
427 3314 533 3345 verba
561 3313 607 3344 ab
635 3322 722 3352 rege
751 3313 861 3343 delere
886 3312 996 3343 voluit
1023 3316 1158 3343 auctor.

245 3396 288 3446 1)
338 3397 577 3438 Auctorem
627 3397 888 3437 annularem
939 3396 1131 3437 scribere
1177 3396 1382 3448 voluisse,
1430 3399 1635 3451 opinatus
1671 3403 1735 3438 est
1768 3396 1957 3438 Gnadet.

118 3451 699 3558 {goggpgnlsfflodoardum
741 3459 951 3510 sequitur.
1075 3454 1123 3508 3)
1155 3456 1290 3510 Regis
1330 3457 1496 3498 nullam
1539 3459 1805 3498 mentionem
1849 3457 1958 3497 facit
