2240 3879
504 242 755 282 RICHERI
789 240 1204 281 HISTORIARUM
1236 239 1419 278 LIBER
1452 240 1488 278 Ι.
1866 239 1919 277 17

80 390 242 432 turus.
326 378 397 429 At
435 380 524 448 qui
562 379 860 429 confluxere
908 375 1144 426 Rotberti
1191 381 1363 442 partes
1411 374 1716 439 tuebantur,
1767 375 1914 424 cuius
1933 386 2017 418 920.

81 467 239 500 suasu
276 449 441 516 capti,
488 448 551 499 de
589 446 895 515 Haganonis
935 443 1227 494 abiectione
1265 442 1407 510 apud
1444 452 1653 509 regema
1691 448 1916 510 pertrac-

79 526 205 582 tant,
244 534 348 567 non
385 526 442 568 ut
478 517 532 567 id
568 516 682 567 fieri
717 514 891 577 velint,
930 511 1022 563 sed
1058 519 1116 562 ut
1139 511 1395 578 regnandi
1433 511 1637 561 occasio
1664 511 1915 562 Rotberto

79 594 338 654 paretur1.
421 585 784 637 Abiectionem
845 583 1021 649 itaque
1067 580 1376 647 Haganonis
1438 578 1624 630 leviter
1681 580 1915 630 suadent.

79 656 286 706 Ducem
315 655 470 706 etiam
495 672 526 704 a
551 672 604 705 se
631 652 997 715 discessurum,
1037 649 1080 699 si
1105 666 1212 699 non
1235 649 1444 710 abiciat,
1480 648 1730 699 mediocri
1755 665 1917 698 asser-

79 725 220 775 tione
246 723 615 786 demonstrant‚
645 721 888 789 quatinus
914 718 1017 769 levi
1044 716 1406 785 obiurgatione
1434 735 1530 768 rex
1544 719 1565 750 ¹)
1601 717 1916 767 ammonitus

81 793 279 861 coeptis
316 793 552 843 insistere
589 807 694 840 non
729 787 988 839 formidet.
1078 785 1233 837 Unde
1283 795 1332 836 et
1368 787 1518 855 postb
1570 793 1748 837 contra
1799 803 1918 836 eum

79 862 414 913 iustissimam
450 858 822 926 indignationis
863 873 1075 907 causam
1115 874 1168 905 se
1206 855 1475 906 habituros
1514 855 1916 907 arbitrabantur.

82 930 238 995 Quod
293 931 447 981 etiam
501 936 669 979 totum
725 926 792 976 ad
846 934 968 977 vota
1021 943 1202 976 eorum
1258 925 1513 993 provenit.
1617 924 1785 973 *Nam
1823 933 2070 973 reX'f018·

79 999 253 1050 nulla.c
291 998 530 1049 suasione
565 996 811 1060 affectus,
849 994 1173 1062 numquamd
1218 1011 1246 1043 a
1286 992 1474 1044 dilecto
1514 1011 1626 1043 sese
1665 992 1921 1043 discessu-

79 1087 195 1119 rum
230 1065 511 1134 respondit.
583 1064 749 1133 quue
786 1063 962 1114 multis
1000 1063 1374 1114 sententiarum
1423 1060 1747 1112 sermonibus
1785 1078 1923 1111 asse-

79 1137 241 1188 rebat.
330 1133 486 1199 Quod
541 1137 699 1184 cum*
753 1131 1036 1183 Rotbertus
1091 1132 1202 1182 dux
1255 1132 1310 1180 in
1365 1132 1476 1182 eius
1530 1131 1704 1180 animo
1754 1129 1921 1179 fixum

78 1206 396 1274 perciperet,
451 1203 702 1254 Heinrico
747 1201 1195 1252 Transrhenensie
1245 1219 1340 1268 per
1385 1199 1617 1268 legatose
1669 1198 1731 1250 de
1783 1199 1921 1265 regis

77 1274 362 1325 eiectionee
402 1271 641 1323 suadete.
717 1270 1094 1338 Compererate
1133 1270 1316 1334 enime,
1356 1287 1475 1319 eum
1513 1286 1543 1317 a
1580 1268 1738 1337 regiis
1766 1268 1922 1335 stipa-

77 1343 305 1394 toribuse
342 1342 397 1391 in
422 1342 637 1409 fugame
676 1347 941 1405 coactum3
980 1338 1146 1390 undee
1185 1347 1236 1389 et
1274 1337 1337 1388 de
1366 1356 1420 1388 se
1445 1337 1634 1388 fideme
1675 1337 1920 1388 continuo

76 1412 198 1463 fecit
213 1422 247 1462 θ.
334 1410 496 1462 Cuius
543 1418 829 1461 consensue
868 1409 1137 1460 tirannuse
1176 1425 1302 1457 111οΧ
1339 1406 1562 1472 laetusf,
1602 1407 1656 1456 in
1694 1423 1806 1457 sese
1844 1424 1920 1456 re-

77 1490 275 1549 gnumg
324 1480 640 1531 transferreg
687 1477 999 1546 diligenterg
1035 1475 1309 1528 laborabat
1324 1486 1360 1526 g.
1433 1476 1680 1543 Largitur
1727 1475 1923 1543 igitur-{³

78 1549 304 1619 plurima
339 1556 532 1618 atqueg
568 1546 844 1616 pollicetur
868 1546 1119 1597 infinitah.
1183 1545 1552 1613 Tandemquei
1586 1544 1828 1595 inductos
1856 1542 1921 1593 de

79 1617 368 1685 transfugio
395 1620 498 1668 iam
536 1617 802 1685 principes
824 1617 844 1648 ¹³
881 1623 1060 1684 aperte
1095 1613 1390 1683 alloquitur,
1429 1631 1622 1681 regem,
1662 1613 1921 1681 inquiens,

82 1686 376 1738 Suessionis
411 1705 522 1738 sese
558 1685 856 1754 privatumk
894 1685 1103 1747 habere,
1140 1683 1331 1751 Belgas
1367 1691 1539 1750 preter
1576 1683 1922 1751 paucissimos

79 1755 170 1806 adl
210 1775 304 1807 sua
340 1755 656 1807 discessisse.
731 1753 884 1805 Unde
923 1761 973 1804 et
1009 1753 1084 1804 rei
1122 1752 1548 1803 commoditatem
1596 1751 1780 1801 adesse
1818 1768 1923 1801 1116-

80 1823 392 1890 morabatm,
428 1823 672 1875 facillime
710 1830 760 1874 et
797 1841 864 1873 ex
901 1839 1069 1890 aequo
1107 1840 1286 1889 regem
1323 1838 1477 1888 posse
1516 1821 1634 1888 capi
1670 1837 1924 1883 asserenS,

83 1895 126 1944 si
162 1894 265 1963 ipsi
302 1912 480 1945 omnes
517 1891 769 1961 palatium
807 1892 997 1942 adeant
1033 1891 1139 1941 acsi
1177 1889 1490 1954 consulturi,
1538 1889 1594 1938 in
1642 1890 1758 1956 ipso
1799 1905 1923 1955 quo-

83 1981 185 2032 que
221 1962 403 2032 palatii
438 1960 681 2013 cubiculo
719 1961 853 2012 inter
889 1958 1269 2010 consulendum
1306 1976 1485 2026 regem
1524 1958 1736 2026 capiant
1784 1965 1922 2009 tene-

81 2040 291 2100 antque.
362 2031 461 2082 His
497 2030 674 2081 favent
711 2047 889 2080 omnes
936 2047 1069 2096 pene
1108 2047 1175 2079 ex
1214 2026 1415 2078 Celtica
1464 2036 1513 2078 et
1563 2026 1626 2077 de
1663 2024 1921 2094 patrando

80 2100 310 2152 facinore
359 2099 503 2168 apud
548 2100 813 2150 tirannum
869 2098 1156 2148 coniurant.
1246 2095 1507 2147 Palatium
1564 2113 1689 2163 ergo
1728 2095 1924 2146 adeunt

80 2179 399 2238 regemquen
436 2175 619 2238 utpote
658 2165 943 2219 consulturi
980 2167 1187 2235 stipant.
1260 2166 1626 2217 Intromissum
1673 2181 1797 2215 vero
1839 2181 1925 2214 cu-

81 2237 272 2305 biculo,
309 2247 367 2290 ut
401 2238 585 2306 paucis
621 2236 831 2288 allocuti
869 2245 1003 2302 sunt,
1041 2237 1257 2305 capiunt
1303 2244 1401 2285 ac0
1438 2241 1663 2287 tenent0.

119 2338 200 2388 22.
273 2336 579 2388 Heriveusp
617 2334 1085 2404 metropolitanusp
1123 2333 1379 2385 Kal-olum
1417 2352 1447 2384 a
1485 2332 1876 2384 desertoribusp

489 2413 701 2473 captum
736 2404 959 2455 liberatp
997 2405 1294 2473 Remosque
1332 2403 1477 2453 ducit
1492 2412 1530 2453 P.

223 2489 439 2557 Iamque
477 2488 739 2539 abducere
775 2487 1098 2553 nitebanttu·,
1151 2505 1271 2537 cum
1307 2484 1736 2554 metropolitanus
1775 2483 1926 2534 Heri-

86 2575 215 2610 veus
255 2575 374 2608 cum
413 2557 576 2625 copiis
612 2557 914 2625 repentinus
965 2555 1148 2606 urbem
1201 2555 1570 2607 Suessonicam
1619 2551 1925 2619 ingreditur.

88 2627 248 2695 Regis
285 2627 424 2677 enim
469 2624 746 2690 sollicitus,
792 2625 1115 2676 desertorum
1160 2624 1396 2674 fraudem
1441 2628 1786 2691 presenserat.
1860 2620 1931 2671 Et

87 2697 200 2765 ipse
240 2694 488 2765 quidem‘l
525 2695 671 2763 prius
709 2711 829 2743 cum
865 2693 1075 2761 paucis⁷
1112 2699 1231 2760 post
1265 2710 1389 2743 vero
1429 2693 1566 2758 suis,
1600 2690 1806 2742 favente
1843 2689 1931 2740 Ri-

209 2813 248 2868 *)
284 2827 320 2855 e.
354 2814 574 2868 principes
602 2815 646 2852 in
680 2825 718 2853 e.
752 2825 792 2852 a.
824 2812 854 2852 f.
886 2813 1163 2864 perciperent
1200 2812 1238 2851 1.
1300 2810 1400 2850 Post
1444 2815 1630 2862 quatuor
1676 2808 1799 2850 lineis
1834 2814 1923 2849 tota

286 2873 497 2927 captionis
531 2872 712 2913 his-toria
743 2871 943 2911 absoluta
975 2876 1081 2920 erat,
1115 2870 1270 2923 quibus
1304 2871 1394 2910 iam
1427 2869 1577 2920 erasis,
1611 2870 1756 2909 omnia
1789 2882 1924 2921 usque

286 2935 422 2986 Regis
471 2934 586 2974 enim
634 2932 863 2981 sollicitus,
913 2931 1180 2971 desertorum
1228 2931 1425 2971 fraudem
1474 2934 1793 2985 praesenserat.
1870 2930 1928 2969 Et

286 2994 457 3047 scripsit
488 2992 724 3033 maximam
747 2998 920 3044 partem
952 2992 997 3030 in
1030 3005 1166 3044 mary.
1201 2991 1240 3031 2.

190 3082 227 3124 a)
256 3093 341 3115 eum
370 3086 404 3117 1.
504 3083 540 3123 b)
563 3087 646 3122 post
671 3082 753 3114 add.
856 3080 889 3122 c)
919 3081 1112 3112 levissima
1141 3082 1174 3112 1.
1277 3079 1313 3120 d)
1343 3080 1515 3120 quaedam
1542 3089 1658 3111 erasa.
1764 3078 1799 3119 e)
1828 3087 1928 3116 ram,

94 3134 211 3173 legat,
239 3133 333 3174 eiee,
360 3136 410 3172 et,
438 3131 542 3171 Com,
570 3132 633 3172 im,
660 3131 770 3170 stipa,
797 3129 937 3170 fugam,
964 3138 1027 3169 un,
1055 3129 1167 3169 idem,
1196 3130 1280 3170 ecit,
1306 3138 1330 3160 u
1357 3130 1385 3160 ti
1411 3129 1502 3159 absc.
1590 3127 1620 3168 f)
1637 3136 1696 3159 mo
1714 3150 1744 3158 ..
1761 3154 1766 3159 .
1784 3127 1934 3159 ‚tusvel

94 3183 317 3216 me....tus
344 3182 440 3220 cod.;
478 3180 590 3211 media
616 3180 748 3210 exscisa
774 3182 868 3210 sunt.
971 3176 1009 3217 g)
1039 3186 1118 3219 reg,
1155 3186 1250 3218 erre,
1287 3180 1356 3218 ter,
1392 3177 1490 3217 abat‚
1529 3177 1640 3215 gitur,
1681 3179 1793 3214 atque
1834 3176 1929 3207 absc.

93 3228 134 3270 h)
161 3230 212 3260 ita
241 3229 374 3268 Trich.;
424 3229 491 3259 fini
527 3228 622 3260 absc.
730 3225 758 3266 i)
789 3234 923 3265 emque
950 3226 1042 3257 absc.
1169 3224 1208 3265 k)
1237 3235 1300 3256 um
1334 3226 1425 3257 absc.
1552 3223 1580 3265 1)
1608 3225 1656 3255 ad
1683 3233 1711 3256 S.
1735 3227 1817 3263 post
1845 3224 1929 3254 add.

96 3276 148 3318 m)
171 3277 325 3317 primum
351 3285 374 3308 a
399 3277 490 3308 absc.
592 3274 632 3316 n)
660 3283 786 3314 regem
813 3276 926 3306 etiam
952 3283 1034 3305 corr
1074 3282 1281 3313 regemque
1395 3272 1432 3314 ο)
1462 3276 1499 3305 et
1525 3274 1627 3304 velut
1654 3273 1932 3303 consultantem

95 3335 182 3358 eum
220 3326 352 3365 paucis
389 3326 489 3356 intro
538 3324 742 3356 dimittunt.
801 3323 880 3362 Ipsi
917 3331 1068 3362 quoque
1103 3323 1315 3362 captionem
1353 3321 1633 3353 dissimulantes
1674 3320 1931 3359 egrediuntur.

97 3374 230 3411 Quibus
272 3373 388 3404 deletis
426 3382 470 3405 ac
507 3375 639 3404 tenent
675 3372 843 3411 scriptum
882 3374 942 3403 est.
1060 3369 1100 3410 p)
1124 3379 1179 3411 us,
1206 3371 1361 3402 litanus.
1389 3374 1458 3410 rto,
1486 3378 1522 3400 m
1551 3369 1699 3409 liberat,
1734 3369 1812 3400 ucit
1838 3368 1935 3401 absc.

98 3420 136 3463 q)
155 3426 238 3461 post
263 3422 343 3454 add.
385 3430 418 3453 c.
445 3431 482 3461 p.
510 3421 613 3461 prius
638 3420 848 3459 ingreditur
876 3420 908 3452 1.
1011 3417 1042 3459 r)
1071 3427 1157 3450 suos
1188 3438 1229 3442 —
1257 3419 1423 3450 admittit
1450 3420 1482 3451 1.

222 3498 266 3551 1)
298 3499 523 3541 Flodoard
545 3499 656 3540 Ann.
681 3512 719 3540 a.
745 3498 846 3540 920.
880 3502 922 3538 et
944 3497 1058 3537 Hist.
1081 3497 1206 3537 Rem.
1230 3497 1307 3547 IV,
1330 3497 1398 3537 15.
1415 3496 1526 3536 haec
1550 3495 1741 3536 breviter
1763 3498 1926 3536 narrat.

1521 3565 1552 3615 2
