2240 3879
433 223 688 264 RICHERI
720 222 1138 265 HISTORIARUM
1170 221 1355 261 LIBER
1388 221 1472 261 III.
1820 221 1903 259 123

59 360 314 431 quosdam
350 378 474 412 vero
513 369 678 413 morte
724 361 1038 412 afficiebant.
1112 358 1342 409 Tantum
1387 357 1442 407 in
1489 358 1562 408 eis
1601 365 1678 409 ter
1716 356 2003 408 dehac-984.

59 431 199 482 chati
213 438 250 495 ³,
310 437 367 481 ut
420 447 692 481 caesorum
753 427 1099 481 cadaveribus
1161 434 1410 495 aggerata
1464 425 1628 477 moles
1685 426 1904 477 collibus

56 498 445 550 assimilaretur.
535 498 674 550 Aliib
722 517 845 551 vero
886 495 1259 548 descendentes
1307 503 1398 546 aut
1443 493 1662 546 vibratis
1713 495 1903 563 gladiis

55 567 352 619 frondiumc
403 570 761 638 oppositarum
811 567 1120 618 densitatem
1175 563 1464 629 metebant,
1520 572 1610 615 aut
1664 563 1904 615 trudibus

57 637 256 688 adactis
303 639 679 707 transpositam
729 636 978 688 arborum
1034 632 1228 685 molem
1283 632 1599 684 amovebant
1663 633 1906 702 sibiqued

54 707 154 758 iter
200 707 522 776 aperiebant.
605 706 843 757 Tandem
889 703 1052 756 multo
1104 710 1292 754 conatu
1337 701 1401 753 de
1448 703 1621 754 medio
1673 702 1905 754 hostium

58 775 231 828 educti
269 783 402 826 sunt.

196 846 278 896 99.
351 845 470 895 Hac
497 850 809 912 tempestate
837 841 1154 894 Germania*
1182 841 1323 893 nullo
1350 843 1489 911 regis
1516 841 1737 910 imperio
1765 849 1905 892 tene-

55 912 237 978 batur,
295 915 491 984 quippe
541 931 660 964 cum
709 920 759 964 et
806 912 1055 964 Ottonem
1101 911 1353 963 infantem
1398 912 1582 963 aetatis
1631 910 1908 961 infirmitas

55 1001 278 1051 regnare
316 981 631 1052 prohiberet,
671 992 722 1034 et
756 981 1000 1032 Heziloni
1036 980 1291 1048 regnandi
1330 981 1522 1049 cupido
1558 999 1589 1030 a
1613 978 1908 1049 potioribus

54 1070 278 1121 regnum
316 1051 774 1103 contradiceretur.
836 1049 991 1102 Unde
1017 1050 1298 1101 Lotharius
1338 1051 1668 1100 occasionem
1705 1056 1906 1113 nactus,

55 1121 121 1173 de
145 1120 390 1190 Belgicae
421 1121 732 1189 pervasione
758 1121 982 1170 iterume
1011 1119 1293 1188 cogitabat,
1330 1127 1387 1170 ut
1413 1118 1658 1169 videlicet
1690 1117 1757 1167 ad
1785 1135 1908 1168 suae

56 1190 428 1241 dominationis
464 1190 544 1240 ius
584 1208 698 1241 eam
744 1197 1081 1258 retorqueret,
1128 1206 1247 1239 cum
1287 1188 1444 1240 Ottof
1476 1206 1583 1238 non
1620 1197 1770 1252 esset,
1824 1193 1908 1238 ete

54 1261 321 1329 principes
368 1258 679 1311 dissiderent
723 1260 977 1327 regnique
1022 1258 1250 1326 dignitas
1298 1256 1439 1308 nullo
1493 1258 1632 1326 regis
1686 1255 1909 1306 admini-

57 1336 309 1381 straretur
348 1329 587 1397 imperio,

197 1399 311 1450 100.
382 1398 568 1466 Itaque
615 1396 858 1449 Odonem
908 1405 1065 1466 atque
1103 1396 1441 1461 Herbertum,
1492 1396 1633 1446 viros
1681 1392 1908 1445 illustres

57 1476 108 1520 et
144 1468 379 1536 potentia
416 1465 601 1533 clarOS,
639 1466 921 1532 advocans,
961 1468 1033 1518 eis
1061 1466 1142 1517 sui
1166 1467 1276 1517 voti
1303 1475 1565 1517 secretum
1591 1465 1776 1532 aperit.
1837 1463 1909 1514 Et

58 1538 183 1606 quia
231 1536 389 1606 paulo
427 1545 547 1588 ante
595 1553 774 1587 eorum
818 1537 993 1605 patrui
1036 1537 1235 1603 absque
1284 1534 1460 1587 liberis
1501 1534 1732 1586 defuncti
1770 1542 1910 1584 terra

58 1608 259 1675 optima
306 1624 425 1657 cum
471 1605 681 1675 oppidis
728 1605 1093 1656 munitissimis
1131 1603 1247 1655 illos
1283 1602 1568 1655 liberaliter
1607 1603 1908 1667 donaverat,

55 1676 161 1744 ipsi
207 1694 334 1727 mox
384 1675 528 1726 domi
574 1673 896 1744 militiaeque
943 1693 1058 1726 sese
1104 1674 1463 1743 paratissimos
1512 1671 1911 1740 responderunt.

59 1744 266 1810 Quibus
303 1745 602 1797 faventibus
640 1761 759 1795 cum
795 1763 892 1795 rex
930 1744 1031 1795 sibi
1067 1744 1123 1794 in
1159 1743 1333 1794 animo
1383 1753 1527 1794 essee
1575 1742 1799 1806 diceret,
1853 1747 1910 1790 ut

55 1813 331 1883 Belgicam
387 1821 646 1883 repeteret
695 1832 914 1882 eamque
969 1812 1281 1864 militaribus
1338 1813 1503 1880 copiis
1560 1818 1909 1880 expugnaret,

56 1884 162 1953 ipsi
208 1883 363 1934 huius
407 1884 484 1934 rei
528 1883 735 1934 initium
779 1882 1009 1934 Virduni
1055 1882 1356 1933 faciendum
1403 1882 1608 1946 dicunt,
1661 1898 1720 1930 eo
1772 1878 1912 1948 quod

55 1953 173 2022 ipsa
208 1953 558 2022 propinquior
594 1953 777 2003 civitas
829 1960 979 2011 esset,
1028 1958 1078 2002 et
1115 1969 1227 2002 sese
1274 1950 1438 2002 multa
1486 1950 1756 2001 obsidione
1796 1966 1912 1999 eam

57 2040 415 2092 aggressuros,
465 2039 563 2074 nec
599 2040 853 2090 umquam
891 2022 957 2073 ab
997 2038 1057 2072 ea
1093 2021 1195 2071 nisi
1233 2028 1389 2089 capta
1425 2035 1751 2083 recessuros,
1806 2035 1910 2086 qua

58 2101 214 2161 capta
262 2101 313 2144 et
360 2098 686 2143 sacramento
733 2099 922 2160 atquee
975 2089 1189 2141 obsidee
1239 2090 1352 2157 regi
1405 2107 1637 2153 annexa,
1692 2087 1908 2138 ulterius

57 2179 423 2230 processuros3
473 2160 659 2211 tandiu
709 2161 867 2212 etiam
915 2168 1209 2211 moraturos
1247 2159 1303 2208 in
1339 2157 1573 2226 Belgica,
1614 2157 1780 2209 donec
1819 2164 1910 2208 aut

58 2232 218 2282 armis
267 2239 618 2300 expugnetur,
665 2238 757 2280 aut
801 2229 931 2280 victi
978 2228 1175 2297 Belgae
1223 2230 1311 2278 *in
1362 2227 1681 2279 deditionem
1729 2244 1910 2278 omnes

1928 2235 2025 2268 'fol.
2054 2236 2131 2268 41¹.

58 2307 340 2352 transeant.
414 2300 654 2364 Quorum
691 2301 972 2367 sponsione
1012 2305 1272 2366 suscepta,
1311 2316 1408 2348 rex
1446 2315 1565 2348 cum
1602 2297 1731 2364 ipsis
1765 2313 1911 2346 exer·
1984 2359 1991 2364 ⁴

61 2370 223 2420 citum
258 2387 386 2420 mox
421 2367 720 2420 Virdunum
758 2368 1007 2418 admovit.

575 2467 690 2520 101.
762 2466 989 2516 Virduni
1025 2466 1348 2534 expugnatio
1364 2474 1401 2515 g.

201 2552 350 2617 Quae
390 2551 575 2603 civitas
615 2568 674 2601 eo
713 2550 817 2600 situ
853 2549 1025 2617 posita
1062 2557 1154 2615 est,
1192 2557 1250 2599 ut
1287 2567 1316 2598 a
1355 2548 1523 2599 fronte
1553 2547 1769 2616 planitie
1796 2566 1910 2616 per-

59 2623 150 2673 via
185 2619 482 2673 meantibus
520 2637 791 2670 accessum
827 2617 1068 2686 prebeat3
1116 2636 1147 2668 a
1194 2618 1375 2684 tergo¹¹
1412 2615 1790 2668 inaccessibilis
1830 2617 1911 2668 sit.

60 2690 147 2742 Ibi
184 2692 323 2743 enim
361 2709 392 2740 a
431 2706 633 2740 summo
671 2689 727 2737 in
763 2688 1058 2756 posteriora
1094 2686 1355 2756 profundo
1393 2685 1539 2737 hiatu
1587 2687 1913 2754 circumqua-

63 2778 164 2830 que
203 2759 530 2811 distenditur.
601 2757 687 2809 Ab
725 2756 1060 2808 inferioribus
1108 2774 1233 2807 vero
1272 2756 1341 2806 ad
1383 2773 1647 2806 summum
1692 2755 1912 2824 rupibus

61 2830 326 2899 preruptis
373 2836 587 2880 artatur.
662 2826 811 2890 Quae
860 2843 966 2877 non
1005 2824 1171 2877 soliun
1209 2833 1413 2876 scatens
1450 2824 1681 2877 fontibus
1719 2825 1913 2894 puteis-

65 2917 181 2968 que,
218 2897 405 2949 incolis
442 2895 801 2960 accommoda,
841 2894 934 2946 sed
971 2902 1036 2962 et,
1073 2894 1233 2946 fluvio
1259 2895 1411 2945 Mosa
1437 2912 1551 2945 eam
1578 2895 1634 2945 ai
1660 2902 1913 2964 prerupta

62 2975 212 3036 parte
249 2966 510 3032 abluente,
547 2982 838 3017 nemorosa.
911 2964 1020 3016 Ubi
1056 2982 1181 3033 ergo
1220 2982 1250 3014 a
1285 2963 1453 3016 fronte
1490 2963 1761 3032 planitiem
1798 2981 1914 3033 pre-

63 3037 179 3103 fert,
227 3036 541 3105 *pugnaturi
575 3033 846 3085 machinas
882 3032 1096 3085 bellicas
1145 3035 1351 3102 generis
1399 3032 1593 3084 diversi
1643 3041 1910 3101 aptavere.

65 3106 178 3158 Nec
213 3106 387 3156 minus
425 3105 514 3174 qui
549 3104 604 3154 in
639 3101 769 3153 urbe
819 3111 967 3154 erant
1002 3102 1070 3154 ad
1105 3101 1454 3155 resistendum
1504 3120 1618 3154 sese
1667 3100 1914 3171 expedie-

64 3175 205 3227 bant.
278 3175 576 3242 Pugnatum
623 3182 700 3224 est
744 3171 958 3223 tandem
995 3173 1026 3223 8
1064 3171 1226 3223 ferme
1265 3172 1526 3224 continuis
1564 3170 1766 3223 diebus.
1839 3168 1911 3221 At

187 3307 206 3325 *
239 3309 427 3361 Belgica
460 3313 590 3361 atque
627 3307 679 3349 G.
716 3308 754 3347 1.

166 3413 203 3454 a)
230 3413 364 3456 sunt(?)
392 3422 543 3445 erasum.
654 3411 692 3451 b)
721 3412 800 3443 Alii
830 3429 872 3435 -
900 3414 964 3442 aut
987 3419 1003 3440 e
1028 3420 1121 3441 corr.
1234 3410 1267 3452 c>
1297 3415 1361 3442 aut
1388 3411 1434 3442 fr.
1464 3413 1498 3442 1.
1611 3409 1646 3448 d)
1679 3413 1714 3441 et
1742 3410 1912 3441 venienti

68 3463 256 3493 exercitui
286 3465 320 3494 1.
442 3461 476 3502 e)
501 3465 583 3501 post
610 3461 692 3492 add.
819 3459 848 3499 f)
878 3459 920 3491 O.
949 3459 1066 3490 hostis
1097 3461 1128 3491 1.
1252 3458 1288 3498 g)
1318 3460 1361 3499 V,
1401 3469 1419 3491 e
1447 3459 1538 3491 absc.
1661 3457 1699 3498 h)
1729 3461 1765 3489 et
1791 3458 1912 3489 latere

69 3511 229 3550 utroque
256 3511 338 3543 add.
371 3513 404 3542 1.
529 3511 556 3553 i)
587 3511 627 3541 in
656 3511 689 3542 1.

1935 3044 1946 3055 ⁸
1963 3056 2000 3086 p.
2032 3046 2116 3081 629.
