2240 3879
151 394 234 425 987.

62 1647 151 1682 ’ἰοὶ
167 1649 240 1684 43¹.

256 243 338 281 132
653 237 905 279 RIOHERI
939 236 1354 278 HISTORIARUM
1385 235 1569 276 LIBER
1601 236 1710 277 IIII.

255 397 386 448 quos
425 379 526 429 nisi
561 396 656 447 per
681 395 774 428 vos
799 375 1032 446 paternis
1057 374 1344 427 honoribus
1378 374 1658 425 restituar?
1732 374 1950 425 Utinam
1975 376 2105 426 mihi

253 449 579 517 fortunisque
634 447 764 498 meis
819 447 1070 497 honestus
1127 444 1300 495 exitus
1369 443 1661 494 accidisset.
1754 443 1899 508 Quid
1965 445 2105 495 enim

254 519 489 570 abiectus
529 515 893 587 spectantibus
920 516 1025 566 nisi
1052 512 1411 583 spectaculum
1451 531 1562 563 esse
1601 513 1824 581 potero?
1898 513 2106 582 Tangat

253 606 347 640 vos
375 587 549 656 aliqua
574 586 914 638 humanitatis
943 585 1227 636 miseratiO.
1304 582 1682 651 Compatimini
1707 583 1868 634 tantis
1896 583 2102 635 iniuriis

250 658 500 726 fatigato'.

396 728 473 778 10.
547 727 838 793 Postquam
874 722 1104 774 Karolus
1143 723 1301 774 finem
1341 721 1701 791 querimoniae
1740 720 1881 787 fecit,
1917 728 2107 772 metro-

253 795 515 866 politanus
561 796 736 845 animo
793 792 1080 845 immobilia
1128 793 1439 861 persistens,
1497 808 1669 860 pauca
1720 790 2008 842 admodum
2056 792 2105 842 ei

253 866 549 934 respondit:
624 864 811 930 (0111117,
860 863 1132 932 inquiens,
1179 863 1419 932 ‘periuris
1468 869 1518 912 et
1567 859 1835 929 sacrilegis
1881 859 2102 930 aliisque

254 935 464 987 nefariis
509 934 809 985 hominibus
860 934 975 1002 ipse
1026 951 1234 1001 semper
1280 932 1486 983 deditus
1540 930 1715 996 fueris,
1766 948 1863 981 nec
1910 928 1977 980 ab
2029 931 2103 982 eis

254 1004 426 1056 adhuc
465 1003 737 1055 discedere
763 1002 909 1068 velis,
950 1002 1245 1070 quomodob
1285 1021 1379 1071 per
1415 1000 1544 1053 tales
1583 1009 1634 1052 et
1671 1018 1790 1051 cum
1816 997 2009 1050 talibus
2035 999 2105 1050 ad

253 1075 608 1144 principatum
644 1073 822 1125 venire
872 1071 1125 1123 moliris'?
1196 1071 1282 1123 Ad
1332 1072 1463 1122 haec
1499 1069 1697 1121 Karolo
1736 1069 2103 1138 respondente,

253 1163 360 1196 non
398 1153 636 1213 oportere
675 1162 787 1195 sese
827 1160 949 1194 suos
989 1141 1245 1207 deserere,
1293 1141 1385 1192 sed
1421 1141 1598 1210 potius
1637 1138 1768 1191 alios
1807 1138 2102 1208 adquirere,

256 1216 531 1284 episcopus
582 1215 717 1265 intra
768 1232 822 1264 se
859 1211 1245 1280 recogitabatc:
1286 1210 1470 1275 ‘Cum',
1509 1210 1802 1279 inquiensd‚
1854 1209 2105 1260 ‘omnium

256 1284 572 1354 dignitatum
609 1302 749 1334 nunc
788 1300 966 1351 egenS,
1006 1282 1182 1350 pravis
1221 1280 1519 1351 quibusque
1559 1298 1798 1331 annexus
1846 1286 1938 1344 est,
1979 1296 2105 1348 quo-

253 1373 371 1405 rum
409 1354 647 1405 sotietate
685 1351 826 1404 nullo
865 1352 1021 1403 modo
1062 1370 1238 1403 carere
1275 1350 1401 1416 vult,
1445 1352 1499 1400 in
1539 1357 1788 1420 quantam
1827 1349 2106 1418 pernitiem

255 1425 514 1476 bonorum
565 1430 729 1489 esset,
785 1423 829 1473 si
879 1421 1072 1473 electus
1119 1420 1428 1489 procederet
1473 1421 1528 1470 in
1575 1420 1775 1470 fasces'.
1867 1418 2105 1469 Tandem

257 1495 369 1545 sine
407 1494 709 1562 principum
759 1510 1019 1543 consensu
1065 1509 1118 1542 se
1166 1509 1324 1559 super
1373 1490 1473 1540 hoc
1523 1488 1682 1539 nihile
1729 1488 1992 1538 facturum
2028 1505 2108 1538 re-

256 1564 538 1633 spondens,
589 1562 656 1613 ab
696 1580 756 1612 eo
797 1560 1054 1611 dimotuss
1089 1568 1182 1611 est.
1256 1558 1486 1610 Karolus
1515 1577 1608 1628 spe
1645 1559 1796 1626 regni
1835 1556 2101 1623 decidens,

258 1634 431 1686 animo
470 1631 728 1697 *turbato,
768 1631 822 1681 in
858 1629 1132 1699 Belgicam
1169 1630 1266 1681 iter
1304 1629 1541 1680 dimovit.

612 1764 690 1814 11.
764 1762 979 1814 Oratiog
1017 1758 1438 1829 metropolitanig
1474 1776 1571 1828 pro
1610 1758 1758 1809 duce.

397 1865 644 1915 Preterea
692 1871 929 1932 tempore
977 1860 1257 1912 constituto
1307 1857 1597 1910 Galliarum
1635 1857 1902 1926 principes
1952 1857 2110 1907 iurati

262 1933 546 1986 Silvanecti
583 1931 787 1984 collecti
826 1939 992 1983 suntl.
1069 1929 1275 1994 Quibus
1312 1930 1366 1979 in
1394 1930 1540 1980 curia
1566 1926 1935 1991 residentibus,
1974 1926 2110 1978 duce

259 2011 519 2054 annuente
556 2000 989 2070 metropolitanus
1041 2001 1116 2050 sic
1160 1999 1367 2050 locutus
1405 2007 1504 2050 est:
1568 1998 1754 2049 ‘Divae
1792 1997 2110 2048 memoriaeh

260 2073 529 2124 Ludovico
570 2073 679 2123 sine
717 2072 895 2123 liberis
937 2069 1072 2121 orbii
1114 2067 1403 2134 subtracto,
1443 2067 1771 2137 querendum
1797 2065 1961 2117 muita
1986 2065 2110 2117 deli-

259 2143 530 2195 beratione
566 2141 679 2208 fuit,
720 2142 810 2210 qui
847 2142 958 2191 eius
996 2140 1136 2190 vices
1173 2139 1227 2188 in
1263 2156 1426 2207 regno
1466 2137 1748 2206 suppleret,
1797 2155 1860 2188 ne
1898 2154 1980 2187 res
2018 2154 2110 2204 pu-

260 2212 399 2264 blica
446 2212 644 2281 absque
691 2211 1041 2279 gubernatore
1089 2207 1329 2276 neglecta
1374 2207 1792 2258 labefactaretur.
1867 2205 2022 2256 Unde
2062 2214 2112 2257 et

261 2281 562 2333 huiusmodi
606 2281 877 2350 negotium
920 2297 1091 2347 nuper
1135 2278 1332 2330 differri
1378 2277 1502 2329 utile
1542 2276 1809 2340 duximus,
1859 2284 1918 2326 ut
1953 2293 2110 2325 unus-

264 2353 504 2421 quisque,
545 2351 686 2421 quod
732 2348 1012 2418 singularis
1049 2368 1080 2400 a
1123 2348 1239 2399 Deo
1290 2347 1471 2399 datum
1516 2345 1748 2411 haberet,
1796 2345 1882 2396 hic
1933 2362 2110 2396 cora-m

264 2421 554 2487 consulens,
594 2429 714 2489 post
752 2419 1069 2485 effunderet,
1108 2425 1180 2484 ut,
1209 2417 1440 2469 collectis
1468 2415 1796 2485 singulorum
1823 2414 2109 2481 sententiis,

264 2510 469 2543 summa
523 2492 682 2542 totius
738 2488 939 2541 consilii
989 2507 1057 2540 ex
1101 2487 1448 2539 multitudinis
1496 2504 1668 2537 massa
1716 2484 2110 2536 deformaretur.

263 2560 513 2614 Reductis
559 2579 682 2630 ergo
731 2561 837 2611 iam
884 2577 1024 2609 nunc
1068 2557 1221 2609 nobis
1270 2560 1326 2609 in
1376 2575 1555 2623 unum,
1604 2554 1768 2608 multa
1815 2553 2112 2624 prudentia,

263 2630 426 2682 multa
462 2630 582 2697 fide,
632 2629 958 2681 videndumk
998 2635 1089 2694 est,
1136 2647 1201 2678 ne
1240 2635 1330 2678 aut
1367 2627 1545 2679 odium
1582 2626 1838 2677 rationem
1877 2624 2111 2693 dissipet,

264 2709 354 2752 aut
390 2719 536 2752 amor
573 2701 847 2753 veritatem
887 2705 1114 2750 enervet.
1187 2698 1308 2748 Non
1345 2699 1668 2766 ignoramus,
1706 2692 1967 2746 Karolum
2002 2694 2112 2746 fau-

264 2778 402 2822 tores
441 2789 562 2822 suos
599 2770 808 2835 habere,
849 2770 939 2838 qui
976 2787 1096 2819 eum
1134 2767 1354 2837 dignum
1390 2785 1552 2836 regno
1592 2785 1659 2818 ex
1696 2773 1974 2835 parentum
2010 2762 2113 2815 001-

263 2839 456 2892 latione
495 2838 824 2892 contendant.
902 2838 1007 2890 Sed
1046 2840 1091 2889 si
1128 2837 1192 2889 de
1230 2836 1328 2888 hoc
1364 2838 1555 2906 agitur,
1607 2853 1705 2886 nec
1742 2853 1964 2903 regnum
2000 2833 2113 2885 iure

266 2909 577 2961 hereditario
617 2909 923 2978 adquiritur,
969 2926 1066 2960 nec
1102 2908 1157 2958 in
1193 2925 1415 2976 regnum
1451 2904 1846 2976 promovendus
1884 2911 1976 2969 est,
2013 2903 2115 2954 nisi

268 2997 423 3047 quem
459 2996 565 3030 non
614 2977 784 3030 solum
835 2979 1069 3047 corporis
1107 2976 1368 3045 nobilitaS‚
1422 2975 1515 3028 sed
1564 2983 1615 3027 et
1657 2975 1822 3026 animi
1857 2972 2114 3043 sapientia

265 3047 500 3115 illustrat,
549 3047 678 3100 fides
718 3049 902 3114 munit,
941 3048 1347 3116 magnanimitas
1385 3045 1573 3100 firmat.
1647 3044 1899 3113 Legimus
1936 3044 1990 3094 in
2027 3060 2115 3094 an-

366 3207 401 3247 a)
427 3208 614 3238 obstinato
642 3216 815 3246 superscr.
846 3208 906 3237 vel
936 3207 1137 3238 immobili.
1239 3204 1277 3246 b)
1308 3214 1447 3244 quomo
1474 3214 1566 3236 corr.
1597 3203 1795 3242 quomodo.
1913 3200 1946 3242 c)
1976 3201 2116 3239 recogi-

268 3259 350 3287 tans
382 3258 413 3289 1.
513 3255 549 3296 d)
579 3257 712 3295 quiens
738 3266 829 3289 corr,
861 3257 938 3294 inq.
1041 3254 1075 3295 e)
1106 3255 1159 3286 nil
1189 3256 1221 3288 1.
1332 3253 1361 3295 f)
1391 3257 1513 3286 motus
1541 3263 1557 3284 e
1583 3262 1674 3284 corr.
1791 3250 1829 3291 g)
1859 3251 1920 3293 Or,
1948 3259 1996 3290 po
2024 3250 2114 3282 absc.

270 3303 307 3344 h)
336 3306 382 3335 D.
411 3305 459 3337 M.
487 3315 514 3336 e.
618 3303 644 3343 i)
673 3305 718 3335 ab
747 3305 815 3335 hac
843 3306 920 3335 vita
950 3306 980 3335 1.
1080 3303 1118 3344 k)
1147 3304 1211 3335 vid
1236 3313 1252 3335 e
1278 3313 1371 3336 corr.

395 3413 438 3465 1)
474 3413 600 3463 Quod
634 3413 709 3454 alii
741 3414 944 3454 Noviomi
977 3413 1169 3466 (Noyon)
1203 3414 1366 3454 factum
1402 3426 1498 3454 esse
1534 3410 1826 3461 contendunt3
1863 3409 1917 3452 cf.
1959 3409 2116 3450 Giese-

270 3474 425 3515 brecht
447 3475 499 3517 K.
526 3475 579 3516 G.
605 3474 639 3528 1,
665 3489 708 3528 p.
733 3474 842 3525 849;
879 3479 922 3514 et
956 3476 1030 3527 qui
1062 3474 1140 3515 has
1173 3487 1243 3516 res
1275 3474 1411 3515 fusius
1440 3474 1639 3527 exposuit
1655 3472 1841 3520 Mourin,
1875 3471 1976 3510 ‘Les
1997 3482 2113 3510 com-

271 3538 336 3574 tes
372 3534 425 3575 de
459 3536 594 3589 Paris,
629 3534 810 3577 histoire
846 3535 899 3575 de
932 3534 1229 3576 l'ave'nement
1262 3534 1316 3575 de
1352 3535 1394 3574 la
1417 3531 1637 3576 troisieme
1671 3532 1800 3582 race’,
1835 3531 1959 3572 Paris
1983 3530 2111 3570 1870.
