2240 3879
467 205 722 246 RICHERI
755 206 1169 248 HISTORIARUM
1201 206 1384 247 LIBER
1416 208 1504 247 III.
1848 212 1932 251 117

83 342 303 414 prebeat
356 344 696 413 animumque
750 345 1022 394 ministret.
1103 341 1223 392 Hoc
1270 361 1478 411 quoque
1523 344 1637 396 fieri
1682 347 1933 415 possibile

85 420 210 478 esta,
248 413 291 462 si
315 412 515 463 Romae
540 430 680 463 nunc
705 414 936 481 positum
964 410 1212 462 Ottonem
1236 409 1421 479 legatis
1453 416 1721 479 premissis
1748 426 1932 468 cautus

85 490 137 534 et
183 482 594 550 circumspectus
646 482 856 535 adieris,
936 479 1057 530 Non
1103 480 1240 529 enim
1287 481 1361 530 sic
1407 484 1561 548 parvi
1608 491 1686 533 est
1732 486 1931 553 ingenii

86 550 226 616 Otto,
264 559 322 601 ut
357 558 407 601 te
443 552 734 619 potioremb
771 549 1019 601 Lothario
1055 550 1212 598 armis
1250 556 1300 600 et
1338 549 1526 617 opibus
1551 553 1772 619 ignoret,
1809 572 1931 605 cum

83 637 207 687 sepe
245 626 295 670 et
330 619 385 670 id
422 619 645 671 audierit
679 628 731 670 et
766 637 862 687 per
898 635 1010 669 sese
1049 625 1298 685 expertus
1326 620 1405 669 sit.
1467 619 1622 672 Unde
1651 630 1701 673 et
1724 622 1929 674 facilius

83 689 191 740 eius
228 689 523 739 amiciciam
575 688 908 757 adipisceris,
965 686 1231 755 Cproderit
1267 689 1425 738 etiam
1463 692 1732 759 sanguinis
1768 693 1931 744 vestri

80 757 463 826 propinquitaS,
505 776 626 808 cum
662 774 829 825 aeque
867 764 925 806 ut
949 755 1230 806 Lotharius
1269 757 1316 807 ei
1353 758 1407 807 in
1436 757 1536 809 hoc
1563 759 1926 828 coniungaris’.

220 826 302 877 84.
389 827 539 890 Quae
601 826 858 877 sententia
915 824 1120 893 prolata
1180 824 1518 877 favoraliterd
1579 827 1702 880 duci
1749 828 1928 880 habita

79 903 172 947 est.
246 895 460 964 Legatis
497 896 658 964 igitur
694 895 919 960 directis,
959 893 1070 944 dux
1108 895 1372 945 animume
1405 895 1706 948 huiusmodi
1746 897 1928 950 Ottoni

77 964 244 1015 Rome
282 964 549 1015 indicavit.
613 965 738 1016 Otto
774 965 909 1013 mira
945 962 1298 1016 benivolentia
1333 964 1534 1034 legatos
1561 968 1784 1036 excepit.
1840 969 1928 1020 De

77 1034 320 1084 amicicia
375 1051 585 1102 quoque
641 1034 777 1083 inter
821 1032 936 1083 illos
986 1031 1230 1084 habenda
1277 1053 1330 1084 se
1380 1037 1773 1102 paratissimum
1819 1056 1926 1089 non

75 1104 317 1171 negavit,
368 1102 510 1172 quod
561 1103 604 1153 si
654 1103 768 1171 ipse
807 1101 918 1152 dux
955 1101 1024 1152 ad
1062 1120 1115 1152 se
1152 1104 1382 1168 veniret,
1432 1112 1490 1154 ut
1526 1104 1752 1173 amplius
1788 1116 1926 1158 uter-

77 1190 178 1241 que
215 1172 490 1222 amiciciae
527 1172 635 1222 vim
675 1173 1020 1240 experiretur,
1060 1189 1179 1222 eum
1217 1189 1337 1222 cum
1375 1174 1482 1223 suis
1521 1192 1575 1224 se
1603 1175 1848 1225 decenter
1875 1184 1925 1227 et

76 1258 197 1291 cum
234 1241 430 1292 honore
468 1249 831 1309 excepturum.
891 1240 1081 1309 Legati
1116 1242 1312 1292 reversi
1349 1241 1472 1292 duci
1506 1243 1757 1294 mandata
1787 1254 1925 1296 retu-

72 1308 259 1361 lerunt.
331 1310 464 1360 Dux
499 1311 663 1378 igitur
701 1309 958 1379 quosdam
995 1327 1218 1377 magnae
1268 1310 1578 1379 prudentiae
1617 1321 1666 1364 et
1703 1315 1924 1366 astutiae

73 1397 381 1445 assumens,
450 1378 733 1430 Arnulfum
800 1379 1046 1431 videlicet
1096 1379 1554 1431 Aurelianensium
1617 1383 1922 1453 episcopum

74 1456 232 1517 atque
277 1447 645 1499 Burchardum
688 1466 895 1500 necnon
942 1487 1367 1500 .............
1383 1450 1400 1483 f
1430 1449 1660 1519 reliquos
1713 1471 1920 1521 quoque

74 1517 360 1569 admodum
404 1519 728 1569 necessarios
775 1519 941 1583 viros,
991 1518 1214 1568 Romam
1260 1519 1610 1587 progreditur.
1697 1521 1919 1573 Sanctos

72 1586 337 1656 apostolos
373 1588 595 1639 honorat
630 1598 788 1656 atque
827 1588 900 1637 sic
937 1606 1114 1655 regem
1151 1588 1300 1656 petit.

436 1687 518 1738 85.
591 1686 836 1739 *Ottonis
875 1695 1034 1736 curn&r
1071 1687 1298 1755 Hugone
1336 1688 1498 1738 sessio
1514 1698 1552 1738 ἕ.

212 1770 337 1823 Otto
387 1770 610 1839 gloriam
651 1771 752 1823 sibi
789 1788 976 1839 parare
1016 1771 1245 1839 cupiens,
1286 1791 1353 1823 ex
1391 1772 1648 1824 industria
1687 1774 1809 1841 egit,
1847 1781 1919 1840 ut,

73 1840 316 1892 omnibus
354 1858 384 1890 a
423 1839 666 1891 cubiculo
704 1841 849 1908 regio
889 1841 1110 1905 emissis,
1149 1841 1259 1891 eius
1297 1840 1505 1909 gladius
1545 1836 1702 1910 super
1739 1842 1919 1894 sellam

70 1907 335 1978 plectilem
380 1909 753 1979 deponeretur,
804 1908 915 1959 dux
966 1910 1122 1960 etiam
1170 1909 1309 1960 solus
1349 1928 1469 1960 cum
1519 1910 1628 1961 solo
1668 1913 1917 1980 episcopo

69 1979 500 2045 introduceretur,
539 1986 610 2044 ut,
647 1997 772 2046 rege
802 1978 1083 2030 Latiariter
1119 1978 1380 2048 loquente,
1423 1981 1702 2049 episcopus
1722 1980 1919 2032 Latini-

67 2048 187 2099 tatis
224 2048 481 2118 interpres
520 2048 644 2099 duci
680 2047 935 2117 quicquid
971 2048 1234 2099 diceretur
1274 2048 1544 2102 indicaret.
1604 2050 1921 2119 Introgressi

67 2117 229 2186 igitur
264 2119 332 2168 ah
368 2119 531 2187 regeh
566 2118 768 2186 ingenti
802 2117 981 2169 favore
1019 2118 1231 2186 excepti
1257 2127 1392 2169 sunt.
1446 2120 1565 2171 Rex
1606 2119 1919 2171 iniuriarum

71 2185 337 2256 querelam
388 2187 620 2256 deponit.
703 2187 775 2238 Et
823 2186 1084 2238 osculumi
1124 2187 1268 2252 dans,
1319 2189 1544 2256 gratiam
1592 2189 1673 2239 sui
1717 2189 1918 2240 favora-

23 2276 26 2279 ·
67 2254 220 2307 literd
257 2257 427 2308 amico
465 2257 714 2326 impertit.
794 2258 923 2308 Post
958 2255 1123 2307 multa
1161 2256 1424 2325 colloquia
1462 2259 1526 2308 de
1563 2258 1805 2309 amicicia
1830 2259 1918 2309 ha-

1949 362 2034 397 981.

1930 1710 1943 1722 ⁸
1960 1713 2023 1746 fol.
2049 1713 2110 1747 40.

68 2324 258 2388 benda,
306 2344 427 2376 cum
471 2345 568 2378 rex
613 2326 781 2377 exiret
825 2324 1166 2394 gladiumque
1215 2327 1502 2394 respiciens
1540 2334 1756 2395 peteret,
1806 2327 1918 2378 dux
1979 2363 1986 2367 -

67 2393 341 2463 paululum
379 2412 410 2444 a
447 2414 501 2446 se
540 2395 814 2446 discedens
853 2413 906 2446 se
943 2393 1229 2460 inclinavit,
1268 2405 1326 2446 ut
1362 2394 1599 2463 gladium
1625 2394 1828 2447 tolleret
1853 2414 1916 2448 ac

66 2473 187 2532 post
239 2483 418 2531 regem
465 2464 641 2515 ferret.
711 2463 830 2514 Hac
882 2464 1022 2513 enim
1069 2481 1228 2514 causa
1275 2481 1434 2532 super
1479 2463 1655 2516 sellam
1703 2464 1915 2516 relictus

66 2533 182 2599 fuit,
220 2540 293 2597 ut,
332 2532 458 2582 dum
496 2533 607 2583 dux
657 2533 896 2582 cunctisk
944 2531 1282 2583 videntibusk
1327 2532 1596 2601 gladiumk
1640 2533 1812 2599 ferret,
1861 2535 1916 2584 in

67 2603 371 2671 posterumk
409 2602 565 2652 etiam
605 2620 659 2653 se
697 2610 1027 2669 portaturum
1042 2603 1067 2633 k
1092 2601 1399 2652 indicaretk.
1454 2602 1756 2671 Episcopus
1789 2621 1914 2654 vero

69 2671 191 2722 duci
229 2669 522 2736 consulens,
569 2670 803 2739 gladium
840 2669 907 2721 ab
949 2671 1059 2721 eius
1100 2689 1261 2721 manu
1299 2672 1488 2740 rapuit,
1540 2680 1590 2723 et
1626 2672 1740 2740 ipse
1778 2671 1915 2724 defe-

67 2757 203 2806 rens,
241 2748 362 2809 post
397 2759 578 2809 regem
621 2739 852 2790 incessit.
927 2739 1092 2791 Cuius
1130 2740 1463 2808 prudentiam
1503 2740 1656 2791 simul
1692 2748 1743 2792 et
1778 2749 1915 2792 astu-

67 2810 194 2860 tiam
231 2828 327 2861 rex
364 2809 668 2874 admiramS,
708 2807 850 2877 apud
889 2827 1011 2860 suos
1048 2818 1231 2877 postea
1266 2827 1372 2860 non
1410 2811 1520 2860 sine
1552 2809 1708 2861 laude
1735 2811 1913 2879 sepius

66 2877 431 2947 frequentavit.
491 2879 701 2930 Ducem
739 2896 946 2946 quoque
983 2878 1037 2927 in
1073 2876 1301 2946 plurima
1336 2880 1577 2930 amicicia
1609 2890 1914 2949 susceptum

70 2964 190 2998 cum
225 2947 421 3000 honore
459 2955 509 2999 et
544 2965 675 3016 pace
711 2965 846 3015 pene
882 2965 1049 3015 usque
1086 2946 1154 2998 ad
1190 2947 1354 3016 Alpes
1393 2948 1586 3000 deduci
1621 2948 1760 3001 fecit.

403 3048 484 3100 86.
557 3045 798 3116 Epistola
833 3046 1068 3097 Lotharii
1104 3046 1171 3097 ad
1210 3046 1562 3099 Chonradum.

204 3130 484 3183 Lotharius
521 3150 617 3183 rex
653 3148 859 3182 necnon
898 3137 948 3180 et
983 3130 1176 3180 Emma
1221 3132 1403 3200 regina
1451 3132 1667 3183 insidias
1715 3131 1911 3199 ubique

68 3199 345 3268 parabant3
395 3209 446 3252 et
492 3209 550 3252 ut
598 3200 653 3250 in
701 3200 886 3251 itinere
934 3198 1240 3251 redeuntem
1290 3211 1553 3270 caperent,
1603 3199 1750 3251 dolos
1796 3218 1912 3268 pre-

168 3346 204 3388 a)
233 3349 506 3386 gloriosissime
534 3349 615 3380 add.
647 3351 679 3380 1.
765 3347 805 3390 b)
832 3350 1084 3389 potentiorem
1114 3351 1146 3379 1.
1232 3348 1264 3390 c)
1292 3349 1400 3386 Quod
1427 3353 1467 3380 ut
1494 3348 1647 3380 facilius
1673 3348 1739 3379 fiat
1764 3348 1845 3380 add.
1879 3350 1912 3380 1.

72 3392 110 3435 d)
136 3395 190 3426 ita
217 3397 269 3427 bie
301 3407 328 3430 c.
439 3397 474 3437 e)
503 3406 537 3429 a.
578 3406 687 3428 suum
727 3400 760 3428 1.
885 3396 914 3438 f)
943 3399 1039 3428 locus
1078 3402 1180 3428 vacat
1221 3398 1260 3428 in
1297 3407 1325 3429 c.
1428 3397 1466 3437 g)
1495 3399 1526 3428 is
1566 3406 1662 3437 cum,
1691 3397 1790 3428 essio
1817 3397 1910 3428 abac.

73 3440 112 3483 h)
133 3448 217 3482 poet
242 3446 324 3478 add.
436 3445 464 3486 i)
494 3447 625 3477 oscula
654 3447 685 3476 1.
792 3445 832 3487 k)
860 3450 902 3477 ut
932 3465 972 3469 —
1001 3446 1187 3477 indicaret
1213 3447 1251 3476 in
1278 3455 1402 3485 mar-9„
1432 3446 1493 3476 ubi
1521 3454 1626 3486 cunc,
1654 3445 1736 3485 bus,
1765 3445 1842 3486 g1a‚
1869 3446 1910 3476 in

71 3498 152 3533 pos,
179 3500 199 3523 e
225 3502 306 3534 por,
333 3493 452 3525 icaret
477 3494 569 3526 abso.
