<?xml version="1.0" encoding="UTF-8"?>
<!DOCTYPE html PUBLIC "-//W3C//DTD XHTML 1.0 Transitional//EN"
    "http://www.w3.org/TR/xhtml1/DTD/xhtml1-transitional.dtd">
<html xmlns="http://www.w3.org/1999/xhtml" xml:lang="en" lang="en">
 <head>
  <title>
</title>
<meta http-equiv="Content-Type" content="text/html;charset=utf-8" />
  <meta name='ocr-system' content='tesseract 3.04.00' />
  <meta name='ocr-capabilities' content='ocr_page ocr_carea ocr_par ocr_line ocrx_word'/>
</head>
<body>
  <div class='ocr_page' id='page_1' title='image "./historiarumlibri00richuoft_0160.png"; bbox 0 0 2240 3879; ppageno 0'>
   <div class='ocr_carea' id='block_1_1' title="bbox 221 420 303 453">
    <p class='ocr_par' dir='ltr' id='par_1_1' title="bbox 221 420 303 453">
     <span class='ocr_line' id='line_1_1' title="bbox 221 420 303 453; baseline -0.024 0"><span class='ocrx_word' id='word_1_1' title='bbox 221 420 303 453; x_wconf 83' lang='lat'><strong>989.</strong></span> 
     </span>
    </p>
   </div>
   <div class='ocr_carea' id='block_1_2' title="bbox 136 1305 310 1348">
    <p class='ocr_par' dir='ltr' id='par_1_2' title="bbox 136 1305 310 1348">
     <span class='ocr_line' id='line_1_2' title="bbox 136 1305 310 1348; baseline 0.011 -10"><span class='ocrx_word' id='word_1_2' title='bbox 136 1305 196 1348; x_wconf 82' lang='lat' dir='ltr'>’p.</span> <span class='ocrx_word' id='word_1_3' title='bbox 227 1307 310 1341; x_wconf 80' lang='lat'><strong>638.</strong></span> 
     </span>
    </p>
   </div>
   <div class='ocr_carea' id='block_1_3' title="bbox 91 2018 310 2062">
    <p class='ocr_par' dir='ltr' id='par_1_3' title="bbox 91 2018 310 2062">
     <span class='ocr_line' id='line_1_3' title="bbox 91 2018 310 2062; baseline 0.005 -12"><span class='ocrx_word' id='word_1_4' title='bbox 91 2018 179 2060; x_wconf 86' lang='lat' dir='ltr'><strong>Sap.</strong></span> <span class='ocrx_word' id='word_1_5' title='bbox 213 2022 245 2062; x_wconf 92' lang='lat' dir='ltr'>l,</span> <span class='ocrx_word' id='word_1_6' title='bbox 275 2020 310 2053; x_wconf 86' lang='lat'>5.</span> 
     </span>
    </p>
   </div>
   <div class='ocr_carea' id='block_1_4' title="bbox 326 257 1785 301">
    <p class='ocr_par' dir='ltr' id='par_1_4' title="bbox 326 257 1785 301">
     <span class='ocr_line' id='line_1_4' title="bbox 326 257 1785 301; baseline 0.002 -4"><span class='ocrx_word' id='word_1_7' title='bbox 326 260 409 298; x_wconf 74' lang='lat'>142</span> <span class='ocrx_word' id='word_1_8' title='bbox 718 258 973 299; x_wconf 81' lang='lat' dir='ltr'>RICHERI</span> <span class='ocrx_word' id='word_1_9' title='bbox 1007 257 1424 299; x_wconf 79' lang='lat' dir='ltr'><strong>HISTORIARUM</strong></span> <span class='ocrx_word' id='word_1_10' title='bbox 1456 259 1641 300; x_wconf 88' lang='lat' dir='ltr'>LIBER</span> <span class='ocrx_word' id='word_1_11' title='bbox 1673 260 1785 301; x_wconf 89' lang='lat' dir='ltr'><strong>IIII.</strong></span> 
     </span>
    </p>
   </div>
   <div class='ocr_carea' id='block_1_5' title="bbox 647 396 1857 466">
    <p class='ocr_par' dir='ltr' id='par_1_5' title="bbox 647 396 1857 466">
     <span class='ocr_line' id='line_1_5' title="bbox 647 396 1857 466; baseline 0.002 -18"><span class='ocrx_word' id='word_1_12' title='bbox 647 397 729 448; x_wconf 80' lang='lat'>30.</span> <span class='ocrx_word' id='word_1_13' title='bbox 800 396 1141 449; x_wconf 80' lang='lat' dir='ltr'>Eukaristiaa</span> <span class='ocrx_word' id='word_1_14' title='bbox 1179 415 1338 448; x_wconf 87' lang='lat' dir='ltr'>causa</span> <span class='ocrx_word' id='word_1_15' title='bbox 1373 397 1681 466; x_wconf 82' lang='lat' dir='ltr'>perditionis</span> <span class='ocrx_word' id='word_1_16' title='bbox 1719 398 1857 451; x_wconf 87' lang='lat' dir='ltr'>data.</span> 
     </span>
    </p>
   </div>
   <div class='ocr_carea' id='block_1_6' title="bbox 322 480 2240 1108">
    <p class='ocr_par' dir='ltr' id='par_1_6' title="bbox 322 480 2240 1108">
     <span class='ocr_line' id='line_1_6' title="bbox 463 480 2174 552; baseline 0.003 -21"><span class='ocrx_word' id='word_1_17' title='bbox 463 480 622 546; x_wconf 72' lang='lat' dir='ltr'>Quod</span> <span class='ocrx_word' id='word_1_18' title='bbox 659 499 778 532; x_wconf 88' lang='lat' dir='ltr'>cum</span> <span class='ocrx_word' id='word_1_19' title='bbox 815 483 929 550; x_wconf 82' lang='lat' dir='ltr'>regi</span> <span class='ocrx_word' id='word_1_20' title='bbox 966 483 1173 552; x_wconf 88' lang='lat' dir='ltr'>penitus</span> <span class='ocrx_word' id='word_1_21' title='bbox 1220 481 1498 549; x_wconf 84' lang='lat' dir='ltr'>sufficeret,</span> <span class='ocrx_word' id='word_1_22' title='bbox 1547 484 1811 552; x_wconf 89' lang='lat' dir='ltr'>episcopis</span> <span class='ocrx_word' id='word_1_23' title='bbox 1847 492 2042 549; x_wconf 89' lang='lat' dir='ltr'>tamen,</span> <span class='ocrx_word' id='word_1_24' title='bbox 2077 485 2174 536; x_wconf 80' lang='lat' dir='ltr'>utb</span> 
     </span>
     <span class='ocr_line' id='line_1_7' title="bbox 323 550 2169 618; baseline 0.001 -16"><span class='ocrx_word' id='word_1_25' title='bbox 323 550 542 617; x_wconf 72' lang='lat' dir='ltr'>ferturb,</span> <span class='ocrx_word' id='word_1_26' title='bbox 577 569 683 602; x_wconf 89' lang='lat' dir='ltr'>non</span> <span class='ocrx_word' id='word_1_27' title='bbox 722 553 846 603; x_wconf 89' lang='lat' dir='ltr'>satis</span> <span class='ocrx_word' id='word_1_28' title='bbox 884 551 939 602; x_wconf 91' lang='lat' dir='ltr'>id</span> <span class='ocrx_word' id='word_1_29' title='bbox 974 553 1149 603; x_wconf 88' lang='lat' dir='ltr'>visum</span> <span class='ocrx_word' id='word_1_30' title='bbox 1187 560 1279 618; x_wconf 92' lang='lat' dir='ltr'>est,</span> <span class='ocrx_word' id='word_1_31' title='bbox 1329 553 1430 603; x_wconf 89' lang='lat' dir='ltr'>nisi</span> <span class='ocrx_word' id='word_1_32' title='bbox 1450 563 1469 586; x_wconf 80' lang='lat'>⁰</span> <span class='ocrx_word' id='word_1_33' title='bbox 1506 551 1633 604; x_wconf 89' lang='lat' dir='ltr'>illud</span> <span class='ocrx_word' id='word_1_34' title='bbox 1672 555 1830 604; x_wconf 88' lang='lat' dir='ltr'>etiam</span> <span class='ocrx_word' id='word_1_35' title='bbox 1867 553 2169 612; x_wconf 77' lang='lat' dir='ltr'><strong>adderetur,</strong></span> 
     </span>
     <span class='ocr_line' id='line_1_8' title="bbox 325 620 2174 675; baseline 0.001 -4"><span class='ocrx_word' id='word_1_36' title='bbox 325 628 381 672; x_wconf 92' lang='lat' dir='ltr'>ut</span> <span class='ocrx_word' id='word_1_37' title='bbox 418 621 472 671; x_wconf 90' lang='lat' dir='ltr'>in</span> <span class='ocrx_word' id='word_1_38' title='bbox 510 622 789 671; x_wconf 88' lang='lat' dir='ltr'>missarum</span> <span class='ocrx_word' id='word_1_39' title='bbox 844 620 1191 674; x_wconf 78' lang='lat' dir='ltr'>celebratione</span> <span class='ocrx_word' id='word_1_40' title='bbox 1240 621 1584 673; x_wconf 77' lang='lat' dir='ltr'>eukaristiam</span> <span class='ocrx_word' id='word_1_41' title='bbox 1635 639 1667 672; x_wconf 91' lang='lat' dir='ltr'>a</span> <span class='ocrx_word' id='word_1_42' title='bbox 1697 622 1969 675; x_wconf 88' lang='lat' dir='ltr'>sacerdote</span> <span class='ocrx_word' id='word_1_43' title='bbox 2006 641 2174 674; x_wconf 86' lang='lat' dir='ltr'>sume-</span> 
     </span>
     <span class='ocr_line' id='line_1_9' title="bbox 322 691 2177 761; baseline 0.001 -20"><span class='ocrx_word' id='word_1_44' title='bbox 322 699 403 742; x_wconf 90' lang='lat' dir='ltr'>ret</span> <span class='ocrx_word' id='word_1_45' title='bbox 428 692 681 759; x_wconf 82' lang='lat' dir='ltr'>eamqued</span> <span class='ocrx_word' id='word_1_46' title='bbox 707 691 1016 759; x_wconf 81' lang='lat' dir='ltr'>perditionis</span> <span class='ocrx_word' id='word_1_47' title='bbox 1047 709 1262 743; x_wconf 86' lang='lat' dir='ltr'>causam</span> <span class='ocrx_word' id='word_1_48' title='bbox 1292 691 1391 743; x_wconf 86' lang='lat' dir='ltr'>sibi</span> <span class='ocrx_word' id='word_1_49' title='bbox 1410 693 1733 760; x_wconf 89' lang='lat' dir='ltr'>inprecando</span> <span class='ocrx_word' id='word_1_50' title='bbox 1755 710 1932 744; x_wconf 91' lang='lat' dir='ltr'>coram</span> <span class='ocrx_word' id='word_1_51' title='bbox 1952 699 2177 761; x_wconf 90' lang='lat' dir='ltr'>optaret,</span> 
     </span>
     <span class='ocr_line' id='line_1_10' title="bbox 325 759 2175 830; baseline 0.001 -19"><span class='ocrx_word' id='word_1_52' title='bbox 325 761 368 811; x_wconf 90' lang='lat' dir='ltr'>si</span> <span class='ocrx_word' id='word_1_53' title='bbox 405 760 564 811; x_wconf 88' lang='lat' dir='ltr'>fidem</span> <span class='ocrx_word' id='word_1_54' title='bbox 600 759 848 811; x_wconf 83' lang='lat' dir='ltr'>violando</span> <span class='ocrx_word' id='word_1_55' title='bbox 887 778 1140 830; x_wconf 87' lang='lat' dir='ltr'>umquam</span> <span class='ocrx_word' id='word_1_56' title='bbox 1177 761 1412 813; x_wconf 86' lang='lat' dir='ltr'>desertor</span> <span class='ocrx_word' id='word_1_57' title='bbox 1456 763 1618 813; x_wconf 89' lang='lat' dir='ltr'>fieret.</span> <span class='ocrx_word' id='word_1_58' title='bbox 1694 761 1852 827; x_wconf 78' lang='lat' dir='ltr'>Quod</span> <span class='ocrx_word' id='word_1_59' title='bbox 1889 770 1940 814; x_wconf 91' lang='lat' dir='ltr'>et</span> <span class='ocrx_word' id='word_1_60' title='bbox 1976 763 2175 813; x_wconf 89' lang='lat' dir='ltr'>factum</span> 
     </span>
     <span class='ocr_line' id='line_1_11' title="bbox 323 829 2180 900; baseline 0.001 -19"><span class='ocrx_word' id='word_1_61' title='bbox 323 830 435 881; x_wconf 84' lang='lat' dir='ltr'>fuit.</span> <span class='ocrx_word' id='word_1_62' title='bbox 516 829 653 880; x_wconf 77' lang='lat' dir='ltr'>Nam</span> <span class='ocrx_word' id='word_1_63' title='bbox 703 830 947 881; x_wconf 75' lang='lat' dir='ltr'>sacerdos</span> <span class='ocrx_word' id='word_1_64' title='bbox 984 832 1119 882; x_wconf 91' lang='lat' dir='ltr'>inter</span> <span class='ocrx_word' id='word_1_65' title='bbox 1165 831 1535 883; x_wconf 87' lang='lat' dir='ltr'>celebrandum</span> <span class='ocrx_word' id='word_1_66' title='bbox 1586 831 1926 883; x_wconf 80' lang='lat' dir='ltr'>eukaristiam</span> <span class='ocrx_word' id='word_1_67' title='bbox 1973 830 2180 900; x_wconf 84' lang='lat' dir='ltr'>optulit,</span> 
     </span>
     <span class='ocr_line' id='line_1_12' title="bbox 326 899 2240 971; baseline 0 -20"><span class='ocrx_word' id='word_1_68' title='bbox 326 901 418 951; x_wconf 85' lang='lat' dir='ltr'>etb</span> <span class='ocrx_word' id='word_1_69' title='bbox 455 899 540 950; x_wconf 90' lang='lat' dir='ltr'>ille</span> <span class='ocrx_word' id='word_1_70' title='bbox 588 909 968 968; x_wconf 76' lang='lat' dir='ltr'>consequenter</span> <span class='ocrx_word' id='word_1_71' title='bbox 1005 902 1227 969; x_wconf 85' lang='lat' dir='ltr'>sumpsit</span> <span class='ocrx_word' id='word_1_72' title='bbox 1272 910 1459 971; x_wconf 74' lang='lat' dir='ltr'>atquee</span> <span class='ocrx_word' id='word_1_73' title='bbox 1507 901 1574 953; x_wconf 90' lang='lat' dir='ltr'>ad</span> <span class='ocrx_word' id='word_1_74' title='bbox 1624 902 1869 953; x_wconf 87' lang='lat' dir='ltr'>iuditium</span> <span class='ocrx_word' id='word_1_75' title='bbox 1916 900 2016 952; x_wconf 89' lang='lat' dir='ltr'>sibi</span> <span class='ocrx_word' id='word_1_76' title='bbox 2064 901 2180 952; x_wconf 90' lang='lat' dir='ltr'>fieri</span> <span class='ocrx_word' id='word_1_77' title='bbox 2239 928 2240 971; x_wconf 66' lang='lat'>}</span> 
     </span>
     <span class='ocr_line' id='line_1_13' title="bbox 326 968 2178 1038; baseline 0.001 -18"><span class='ocrx_word' id='word_1_78' title='bbox 326 969 543 1038; x_wconf 75' lang='lat' dir='ltr'>optavit,</span> <span class='ocrx_word' id='word_1_79' title='bbox 583 969 628 1019; x_wconf 88' lang='lat' dir='ltr'>si</span> <span class='ocrx_word' id='word_1_80' title='bbox 664 968 767 1019; x_wconf 89' lang='lat' dir='ltr'>ullo</span> <span class='ocrx_word' id='word_1_81' title='bbox 805 971 963 1020; x_wconf 89' lang='lat' dir='ltr'>modo</span> <span class='ocrx_word' id='word_1_82' title='bbox 1000 969 1125 1021; x_wconf 88' lang='lat' dir='ltr'>fidei</span> <span class='ocrx_word' id='word_1_83' title='bbox 1160 970 1382 1023; x_wconf 77' lang='lat' dir='ltr'>violator</span> <span class='ocrx_word' id='word_1_84' title='bbox 1419 972 1708 1023; x_wconf 74' lang='lat' dir='ltr'>exsisteret.</span> <span class='ocrx_word' id='word_1_85' title='bbox 1774 971 1932 1036; x_wconf 76' lang='lat' dir='ltr'>Quod</span> <span class='ocrx_word' id='word_1_86' title='bbox 1963 970 2178 1022; x_wconf 90' lang='lat' dir='ltr'>tandem</span> 
     </span>
     <span class='ocr_line' id='line_1_14' title="bbox 324 1039 1246 1108; baseline 0.002 -19"><span class='ocrx_word' id='word_1_87' title='bbox 324 1039 437 1108; x_wconf 85' lang='lat' dir='ltr'>regi</span> <span class='ocrx_word' id='word_1_88' title='bbox 475 1049 525 1090; x_wconf 85' lang='lat' dir='ltr'>et</span> <span class='ocrx_word' id='word_1_89' title='bbox 562 1039 874 1108; x_wconf 88' lang='lat' dir='ltr'>primatibus</span> <span class='ocrx_word' id='word_1_90' title='bbox 912 1039 1071 1090; x_wconf 85' lang='lat' dir='ltr'>fidem</span> <span class='ocrx_word' id='word_1_91' title='bbox 1109 1039 1246 1092; x_wconf 87' lang='lat' dir='ltr'>fecit.</span> 
     </span>
    </p>
   </div>
   <div class='ocr_carea' id='block_1_7' title="bbox 828 1139 1681 1209">
    <p class='ocr_par' dir='ltr' id='par_1_7' title="bbox 828 1139 1681 1209">
     <span class='ocr_line' id='line_1_15' title="bbox 828 1139 1681 1209; baseline 0.002 -20"><span class='ocrx_word' id='word_1_92' title='bbox 828 1140 910 1190; x_wconf 78' lang='lat'>31.</span> <span class='ocrx_word' id='word_1_93' title='bbox 982 1139 1339 1209; x_wconf 84' lang='lat' dir='ltr'>Reprehensio</span> <span class='ocrx_word' id='word_1_94' title='bbox 1378 1141 1442 1192; x_wconf 92' lang='lat' dir='ltr'>de</span> <span class='ocrx_word' id='word_1_95' title='bbox 1482 1140 1681 1193; x_wconf 90' lang='lat' dir='ltr'>codem.</span> 
     </span>
    </p>
   </div>
   <div class='ocr_carea' id='block_1_8' title="bbox 327 1223 2194 2203">
    <p class='ocr_par' dir='ltr' id='par_1_8' title="bbox 327 1223 2194 2203">
     <span class='ocr_line' id='line_1_16' title="bbox 466 1223 2185 1296; baseline 0.001 -21"><span class='ocrx_word' id='word_1_96' title='bbox 466 1223 744 1275; x_wconf 82' lang='lat' dir='ltr'>Nonnullis</span> <span class='ocrx_word' id='word_1_97' title='bbox 780 1233 972 1291; x_wconf 88' lang='lat' dir='ltr'>tamen,</span> <span class='ocrx_word' id='word_1_98' title='bbox 1006 1244 1230 1295; x_wconf 88' lang='lat' dir='ltr'>quorum</span> <span class='ocrx_word' id='word_1_99' title='bbox 1256 1246 1401 1278; x_wconf 89' lang='lat' dir='ltr'>mens</span> <span class='ocrx_word' id='word_1_100' title='bbox 1429 1227 1701 1296; x_wconf 77' lang='lat' dir='ltr'>purgatior</span> <span class='ocrx_word' id='word_1_101' title='bbox 1727 1234 1860 1292; x_wconf 85' lang='lat' dir='ltr'>erat,</span> <span class='ocrx_word' id='word_1_102' title='bbox 1898 1225 2185 1278; x_wconf 77' lang='lat' dir='ltr'>nefariumf</span> 
     </span>
     <span class='ocr_line' id='line_1_17' title="bbox 329 1293 2184 1348; baseline 0 -2"><span class='ocrx_word' id='word_1_103' title='bbox 329 1302 379 1346; x_wconf 93' lang='lat' dir='ltr'>et</span> <span class='ocrx_word' id='word_1_104' title='bbox 416 1301 599 1345; x_wconf 86' lang='lat' dir='ltr'>contra</span> <span class='ocrx_word' id='word_1_105' title='bbox 636 1293 760 1345; x_wconf 86' lang='lat' dir='ltr'>fidei</span> <span class='ocrx_word' id='word_1_106' title='bbox 795 1296 876 1346; x_wconf 90' lang='lat' dir='ltr'>ius</span> <span class='ocrx_word' id='word_1_107' title='bbox 915 1295 1000 1346; x_wconf 82' lang='lat' dir='ltr'>*id</span> <span class='ocrx_word' id='word_1_108' title='bbox 1039 1295 1293 1348; x_wconf 86' lang='lat' dir='ltr'>creditum</span> <span class='ocrx_word' id='word_1_109' title='bbox 1333 1306 1424 1348; x_wconf 85' lang='lat' dir='ltr'>est.</span> <span class='ocrx_word' id='word_1_110' title='bbox 1486 1296 1764 1347; x_wconf 87' lang='lat' dir='ltr'>Eiusmodi</span> <span class='ocrx_word' id='word_1_111' title='bbox 1802 1297 1942 1348; x_wconf 91' lang='lat' dir='ltr'>enim</span> <span class='ocrx_word' id='word_1_112' title='bbox 1966 1303 2184 1347; x_wconf 85' lang='lat' dir='ltr'>naturae</span> 
     </span>
     <span class='ocr_line' id='line_1_18' title="bbox 327 1363 2184 1436; baseline 0.001 -22"><span class='ocrx_word' id='word_1_113' title='bbox 327 1363 593 1415; x_wconf 89' lang='lat' dir='ltr'>hominem</span> <span class='ocrx_word' id='word_1_114' title='bbox 632 1383 745 1416; x_wconf 90' lang='lat' dir='ltr'>esse</span> <span class='ocrx_word' id='word_1_115' title='bbox 784 1365 1011 1431; x_wconf 76' lang='lat' dir='ltr'>aiebant,</span> <span class='ocrx_word' id='word_1_116' title='bbox 1048 1374 1105 1417; x_wconf 91' lang='lat' dir='ltr'>ut</span> <span class='ocrx_word' id='word_1_117' title='bbox 1141 1365 1329 1417; x_wconf 82' lang='lat' dir='ltr'>facileb</span> <span class='ocrx_word' id='word_1_118' title='bbox 1367 1385 1463 1436; x_wconf 89' lang='lat' dir='ltr'>per</span> <span class='ocrx_word' id='word_1_119' title='bbox 1500 1385 1613 1418; x_wconf 86' lang='lat' dir='ltr'>sese</span> <span class='ocrx_word' id='word_1_120' title='bbox 1640 1376 2007 1435; x_wconf 85' lang='lat' dir='ltr'>corrumpatur</span> <span class='ocrx_word' id='word_1_121' title='bbox 2030 1366 2087 1415; x_wconf 90' lang='lat' dir='ltr'>in</span> <span class='ocrx_word' id='word_1_122' title='bbox 2112 1383 2184 1431; x_wconf 91' lang='lat' dir='ltr'>se,</span> 
     </span>
     <span class='ocr_line' id='line_1_19' title="bbox 328 1433 2185 1504; baseline 0.001 -20"><span class='ocrx_word' id='word_1_123' title='bbox 328 1433 561 1503; x_wconf 82' lang='lat' dir='ltr'>amplius</span> <span class='ocrx_word' id='word_1_124' title='bbox 608 1453 732 1486; x_wconf 82' lang='lat' dir='ltr'>vero</span> <span class='ocrx_word' id='word_1_125' title='bbox 782 1435 1170 1502; x_wconf 84' lang='lat' dir='ltr'>inpulsionibus</span> <span class='ocrx_word' id='word_1_126' title='bbox 1216 1436 1284 1487; x_wconf 94' lang='lat' dir='ltr'>ad</span> <span class='ocrx_word' id='word_1_127' title='bbox 1332 1435 1590 1504; x_wconf 87' lang='lat' dir='ltr'>flagitium</span> <span class='ocrx_word' id='word_1_128' title='bbox 1646 1437 1972 1488; x_wconf 78' lang='lat' dir='ltr'>extrinsecus</span> <span class='ocrx_word' id='word_1_129' title='bbox 2027 1453 2185 1504; x_wconf 88' lang='lat' dir='ltr'>posse</span> 
     </span>
     <span class='ocr_line' id='line_1_20' title="bbox 327 1503 2187 1574; baseline 0 -19"><span class='ocrx_word' id='word_1_130' title='bbox 327 1503 574 1572; x_wconf 83' lang='lat' dir='ltr'>pertrahi.</span> <span class='ocrx_word' id='word_1_131' title='bbox 649 1505 973 1557; x_wconf 85' lang='lat' dir='ltr'>Asserebant</span> <span class='ocrx_word' id='word_1_132' title='bbox 999 1523 1207 1574; x_wconf 83' lang='lat' dir='ltr'>quoque</span> <span class='ocrx_word' id='word_1_133' title='bbox 1235 1524 1302 1556; x_wconf 78' lang='lat' dir='ltr'>ex</span> <span class='ocrx_word' id='word_1_134' title='bbox 1329 1505 1551 1556; x_wconf 89' lang='lat' dir='ltr'>decretis</span> <span class='ocrx_word' id='word_1_135' title='bbox 1577 1514 1786 1574; x_wconf 89' lang='lat' dir='ltr'>patrum</span> <span class='ocrx_word' id='word_1_136' title='bbox 1814 1513 1900 1557; x_wconf 64' lang='lat' dir='ltr'>etg</span> <span class='ocrx_word' id='word_1_137' title='bbox 1926 1523 2187 1556; x_wconf 86' lang='lat' dir='ltr'>canonum</span> 
     </span>
     <span class='ocr_line' id='line_1_21' title="bbox 329 1574 2188 1643; baseline 0.001 -20"><span class='ocrx_word' id='word_1_138' title='bbox 329 1574 555 1642; x_wconf 88' lang='lat' dir='ltr'>scriptis,</span> <span class='ocrx_word' id='word_1_139' title='bbox 607 1593 776 1643; x_wconf 82' lang='lat' dir='ltr'>neque</span> <span class='ocrx_word' id='word_1_140' title='bbox 826 1575 1048 1626; x_wconf 70' lang='lat' dir='ltr'>invitum</span> <span class='ocrx_word' id='word_1_141' title='bbox 1087 1575 1154 1625; x_wconf 89' lang='lat' dir='ltr'>ad</span> <span class='ocrx_word' id='word_1_142' title='bbox 1201 1576 1533 1626; x_wconf 83' lang='lat' dir='ltr'>eucaristiam</span> <span class='ocrx_word' id='word_1_143' title='bbox 1578 1574 1971 1643; x_wconf 88' lang='lat' dir='ltr'>impellendum,</span> <span class='ocrx_word' id='word_1_144' title='bbox 2016 1592 2188 1643; x_wconf 89' lang='lat' dir='ltr'>neque</span> 
     </span>
     <span class='ocr_line' id='line_1_22' title="bbox 330 1644 2186 1713; baseline 0.001 -20"><span class='ocrx_word' id='word_1_145' title='bbox 330 1644 664 1694; x_wconf 87' lang='lat' dir='ltr'>eucaristiam</span> <span class='ocrx_word' id='word_1_146' title='bbox 701 1644 1010 1713; x_wconf 88' lang='lat' dir='ltr'>perditionis</span> <span class='ocrx_word' id='word_1_147' title='bbox 1050 1662 1209 1696; x_wconf 87' lang='lat' dir='ltr'>causa</span> <span class='ocrx_word' id='word_1_148' title='bbox 1258 1646 1506 1713; x_wconf 82' lang='lat' dir='ltr'>cuiquam</span> <span class='ocrx_word' id='word_1_149' title='bbox 1555 1644 1890 1710; x_wconf 83' lang='lat' dir='ltr'>offerendam,</span> <span class='ocrx_word' id='word_1_150' title='bbox 1941 1663 2061 1696; x_wconf 91' lang='lat' dir='ltr'>cum</span> <span class='ocrx_word' id='word_1_151' title='bbox 2108 1662 2186 1694; x_wconf 91' lang='lat' dir='ltr'>re-</span> 
     </span>
     <span class='ocr_line' id='line_1_23' title="bbox 329 1711 2186 1784; baseline 0.001 -21"><span class='ocrx_word' id='word_1_152' title='bbox 329 1711 647 1782; x_wconf 88' lang='lat' dir='ltr'>demptionis</span> <span class='ocrx_word' id='word_1_153' title='bbox 685 1716 856 1781; x_wconf 85' lang='lat' dir='ltr'>gratia</span> <span class='ocrx_word' id='word_1_154' title='bbox 893 1722 943 1766; x_wconf 90' lang='lat' dir='ltr'>et</span> <span class='ocrx_word' id='word_1_155' title='bbox 972 1714 1273 1784; x_wconf 89' lang='lat' dir='ltr'>petentibus</span> <span class='ocrx_word' id='word_1_156' title='bbox 1313 1714 1634 1767; x_wconf 85' lang='lat' dir='ltr'>offerendam</span> <span class='ocrx_word' id='word_1_157' title='bbox 1685 1724 1736 1766; x_wconf 94' lang='lat' dir='ltr'>et</span> <span class='ocrx_word' id='word_1_158' title='bbox 1777 1715 1955 1766; x_wconf 83' lang='lat' dir='ltr'>invitis</span> <span class='ocrx_word' id='word_1_159' title='bbox 1991 1732 2186 1782; x_wconf 83' lang='lat' dir='ltr'>negan-</span> 
     </span>
     <span class='ocr_line' id='line_1_24' title="bbox 330 1783 2188 1854; baseline 0.001 -21"><span class='ocrx_word' id='word_1_160' title='bbox 330 1783 451 1834; x_wconf 90' lang='lat' dir='ltr'>dam</span> <span class='ocrx_word' id='word_1_161' title='bbox 491 1783 811 1835; x_wconf 90' lang='lat' dir='ltr'>credendum</span> <span class='ocrx_word' id='word_1_162' title='bbox 850 1785 930 1835; x_wconf 89' lang='lat' dir='ltr'>sit.</span> <span class='ocrx_word' id='word_1_163' title='bbox 1004 1785 1287 1854; x_wconf 86' lang='lat' dir='ltr'>Indignum</span> <span class='ocrx_word' id='word_1_164' title='bbox 1337 1786 1494 1837; x_wconf 91' lang='lat' dir='ltr'>etiam</span> <span class='ocrx_word' id='word_1_165' title='bbox 1530 1785 1715 1851; x_wconf 84' lang='lat' dir='ltr'>videri,</span> <span class='ocrx_word' id='word_1_166' title='bbox 1752 1786 1982 1854; x_wconf 78' lang='lat' dir='ltr'>panemh</span> <span class='ocrx_word' id='word_1_167' title='bbox 2030 1801 2188 1852; x_wconf 79' lang='lat' dir='ltr'>ange-</span> 
     </span>
     <span class='ocr_line' id='line_1_25' title="bbox 328 1851 2194 1924; baseline 0 -20"><span class='ocrx_word' id='word_1_168' title='bbox 328 1851 500 1904; x_wconf 89' lang='lat' dir='ltr'>lorum</span> <span class='ocrx_word' id='word_1_169' title='bbox 539 1861 590 1905; x_wconf 93' lang='lat' dir='ltr'>et</span> <span class='ocrx_word' id='word_1_170' title='bbox 626 1853 897 1906; x_wconf 89' lang='lat' dir='ltr'>hominum</span> <span class='ocrx_word' id='word_1_171' title='bbox 935 1863 1131 1906; x_wconf 87' lang='lat' dir='ltr'>temere</span> <span class='ocrx_word' id='word_1_172' title='bbox 1168 1854 1399 1924; x_wconf 81' lang='lat' dir='ltr'>indignis</span> <span class='ocrx_word' id='word_1_173' title='bbox 1439 1854 1570 1920; x_wconf 90' lang='lat' dir='ltr'>dari,</span> <span class='ocrx_word' id='word_1_174' title='bbox 1609 1873 1727 1905; x_wconf 86' lang='lat' dir='ltr'>cum</span> <span class='ocrx_word' id='word_1_175' title='bbox 1763 1856 1881 1924; x_wconf 87' lang='lat' dir='ltr'>ipsa</span> <span class='ocrx_word' id='word_1_176' title='bbox 1921 1854 2194 1906; x_wconf 84' lang='lat' dir='ltr'>Divinitas-</span> 
     </span>
     <span class='ocr_line' id='line_1_26' title="bbox 331 1923 2189 1994; baseline 0.001 -21"><span class='ocrx_word' id='word_1_177' title='bbox 331 1929 382 1974; x_wconf 90' lang='lat' dir='ltr'>et</span> <span class='ocrx_word' id='word_1_178' title='bbox 418 1924 699 1975; x_wconf 90' lang='lat' dir='ltr'>inmundos</span> <span class='ocrx_word' id='word_1_179' title='bbox 737 1923 1017 1976; x_wconf 86' lang='lat' dir='ltr'>abhorreat</span> <span class='ocrx_word' id='word_1_180' title='bbox 1055 1932 1105 1976; x_wconf 90' lang='lat' dir='ltr'>et</span> <span class='ocrx_word' id='word_1_181' title='bbox 1141 1943 1303 1994; x_wconf 89' lang='lat' dir='ltr'>puros</span> <span class='ocrx_word' id='word_1_182' title='bbox 1341 1925 1474 1975; x_wconf 86' lang='lat' dir='ltr'>mira</span> <span class='ocrx_word' id='word_1_183' title='bbox 1510 1925 1767 1994; x_wconf 87' lang='lat' dir='ltr'>parcitate</span> <span class='ocrx_word' id='word_1_184' title='bbox 1809 1924 2000 1990; x_wconf 84' lang='lat' dir='ltr'>foveat,</span> <span class='ocrx_word' id='word_1_185' title='bbox 2037 1925 2189 1975; x_wconf 85' lang='lat' dir='ltr'>iuxta</span> 
     </span>
     <span class='ocr_line' id='line_1_27' title="bbox 332 1993 2188 2064; baseline 0.002 -21"><span class='ocrx_word' id='word_1_186' title='bbox 332 1993 474 2061; x_wconf 89' lang='lat' dir='ltr'>quod</span> <span class='ocrx_word' id='word_1_187' title='bbox 536 1994 790 2062; x_wconf 86' lang='lat' dir='ltr'>scriptum</span> <span class='ocrx_word' id='word_1_188' title='bbox 851 2003 954 2046; x_wconf 85' lang='lat' dir='ltr'>est:</span> <span class='ocrx_word' id='word_1_189' title='bbox 1017 1994 1263 2064; x_wconf 82' lang='lat' dir='ltr'>‘Spiritus</span> <span class='ocrx_word' id='word_1_190' title='bbox 1325 2004 1536 2046; x_wconf 89' lang='lat' dir='ltr'>sanctus</span> <span class='ocrx_word' id='word_1_191' title='bbox 1598 1994 1910 2064; x_wconf 87' lang='lat' dir='ltr'>disciplinae</span> <span class='ocrx_word' id='word_1_192' title='bbox 1971 1994 2188 2063; x_wconf 87' lang='lat' dir='ltr'>effugiet</span> 
     </span>
     <span class='ocr_line' id='line_1_28' title="bbox 329 2063 2190 2132; baseline 0.002 -20"><span class='ocrx_word' id='word_1_193' title='bbox 329 2063 526 2127; x_wconf 86' lang='lat' dir='ltr'>fictum,</span> <span class='ocrx_word' id='word_1_194' title='bbox 566 2071 617 2114; x_wconf 90' lang='lat' dir='ltr'>et</span> <span class='ocrx_word' id='word_1_195' title='bbox 654 2064 853 2115; x_wconf 86' lang='lat' dir='ltr'>auferet</span> <span class='ocrx_word' id='word_1_196' title='bbox 889 2083 943 2115; x_wconf 91' lang='lat' dir='ltr'>se</span> <span class='ocrx_word' id='word_1_197' title='bbox 971 2083 999 2114; x_wconf 95' lang='lat' dir='ltr'>a</span> <span class='ocrx_word' id='word_1_198' title='bbox 1028 2065 1435 2132; x_wconf 82' lang='lat' dir='ltr'>cogitationibus</span> <span class='ocrx_word' id='word_1_199' title='bbox 1463 2083 1597 2132; x_wconf 85' lang='lat' dir='ltr'>quae</span> <span class='ocrx_word' id='word_1_200' title='bbox 1624 2074 1744 2117; x_wconf 90' lang='lat' dir='ltr'>sunt</span> <span class='ocrx_word' id='word_1_201' title='bbox 1770 2066 1881 2116; x_wconf 90' lang='lat' dir='ltr'>sine</span> <span class='ocrx_word' id='word_1_202' title='bbox 1906 2063 2190 2130; x_wconf 78' lang='lat' dir='ltr'>intellectu,</span> 
     </span>
     <span class='ocr_line' id='line_1_29' title="bbox 331 2133 1577 2203; baseline 0.001 -20"><span class='ocrx_word' id='word_1_203' title='bbox 331 2140 381 2183; x_wconf 91' lang='lat' dir='ltr'>et</span> <span class='ocrx_word' id='word_1_204' title='bbox 420 2133 730 2201; x_wconf 87' lang='lat' dir='ltr'>corripietur</span> <span class='ocrx_word' id='word_1_205' title='bbox 767 2151 797 2183; x_wconf 89' lang='lat' dir='ltr'>a</span> <span class='ocrx_word' id='word_1_206' title='bbox 835 2135 1233 2203; x_wconf 77' lang='lat' dir='ltr'>superveniente</span> <span class='ocrx_word' id='word_1_207' title='bbox 1270 2135 1577 2203; x_wconf 86' lang='lat' dir='ltr'>iniquitate’.</span> 
     </span>
    </p>
   </div>
   <div class='ocr_carea' id='block_1_9' title="bbox 446 2232 2068 2303">
    <p class='ocr_par' dir='ltr' id='par_1_9' title="bbox 446 2232 2068 2303">
     <span class='ocr_line' id='line_1_30' title="bbox 446 2232 2068 2303; baseline 0.001 -20"><span class='ocrx_word' id='word_1_208' title='bbox 446 2233 526 2283; x_wconf 67' lang='lat'>352.</span> <span class='ocrx_word' id='word_1_209' title='bbox 603 2233 759 2298; x_wconf 79' lang='lat' dir='ltr'>Quod</span> <span class='ocrx_word' id='word_1_210' title='bbox 797 2233 1021 2303; x_wconf 86' lang='lat' dir='ltr'>amplius</span> <span class='ocrx_word' id='word_1_211' title='bbox 1059 2235 1192 2285; x_wconf 89' lang='lat' dir='ltr'>iusto</span> <span class='ocrx_word' id='word_1_212' title='bbox 1231 2232 1488 2285; x_wconf 88' lang='lat' dir='ltr'>Karolum</span> <span class='ocrx_word' id='word_1_213' title='bbox 1523 2232 1772 2284; x_wconf 82' lang='lat' dir='ltr'>Arnulfus</span> <span class='ocrx_word' id='word_1_214' title='bbox 1812 2232 2068 2285; x_wconf 80' lang='lat' dir='ltr'>dilexerit.</span> 
     </span>
    </p>
   </div>
   <div class='ocr_carea' id='block_1_10' title="bbox 328 2314 2189 3157">
    <p class='ocr_par' dir='ltr' id='par_1_10' title="bbox 328 2314 2189 3157">
     <span class='ocr_line' id='line_1_31' title="bbox 471 2314 2187 2388; baseline -0.001 -20"><span class='ocrx_word' id='word_1_215' title='bbox 471 2317 555 2369; x_wconf 82' lang='lat' dir='ltr'>Ab</span> <span class='ocrx_word' id='word_1_216' title='bbox 595 2319 857 2387; x_wconf 86' lang='lat' dir='ltr'>episcopis</span> <span class='ocrx_word' id='word_1_217' title='bbox 897 2337 1021 2388; x_wconf 90' lang='lat' dir='ltr'>ergo</span> <span class='ocrx_word' id='word_1_218' title='bbox 1059 2319 1345 2370; x_wconf 82' lang='lat' dir='ltr'>Remorum</span> <span class='ocrx_word' id='word_1_219' title='bbox 1384 2319 1651 2370; x_wconf 84' lang='lat' dir='ltr'>dioceseos</span> <span class='ocrx_word' id='word_1_220' title='bbox 1690 2317 1959 2370; x_wconf 87' lang='lat' dir='ltr'>ordinatus</span> <span class='ocrx_word' id='word_1_221' title='bbox 1995 2314 2187 2368; x_wconf 89' lang='lat' dir='ltr'>Arnul-</span> 
     </span>
     <span class='ocr_line' id='line_1_32' title="bbox 331 2386 2186 2456; baseline 0 -19"><span class='ocrx_word' id='word_1_222' title='bbox 331 2387 414 2438; x_wconf 83' lang='lat' dir='ltr'>fus</span> <span class='ocrx_word' id='word_1_223' title='bbox 466 2396 516 2438; x_wconf 90' lang='lat' dir='ltr'>et</span> <span class='ocrx_word' id='word_1_224' title='bbox 571 2387 982 2440; x_wconf 85' lang='lat' dir='ltr'>sacerdotalibus</span> <span class='ocrx_word' id='word_1_225' title='bbox 1038 2388 1214 2440; x_wconf 90' lang='lat' dir='ltr'>infulis</span> <span class='ocrx_word' id='word_1_226' title='bbox 1271 2388 1516 2441; x_wconf 88' lang='lat' dir='ltr'>decenter</span> <span class='ocrx_word' id='word_1_227' title='bbox 1569 2388 1849 2456; x_wconf 88' lang='lat' dir='ltr'>insignitus</span> <span class='ocrx_word' id='word_1_228' title='bbox 1897 2396 1987 2439; x_wconf 88' lang='lat' dir='ltr'>est.</span> <span class='ocrx_word' id='word_1_229' title='bbox 2072 2386 2186 2438; x_wconf 91' lang='lat' dir='ltr'>Nec</span> 
     </span>
     <span class='ocr_line' id='line_1_33' title="bbox 331 2456 2188 2527; baseline 0 -21"><span class='ocrx_word' id='word_1_230' title='bbox 331 2456 494 2508; x_wconf 88' lang='lat' dir='ltr'>multo</span> <span class='ocrx_word' id='word_1_231' title='bbox 533 2467 654 2526; x_wconf 87' lang='lat' dir='ltr'>post</span> <span class='ocrx_word' id='word_1_232' title='bbox 691 2477 721 2508; x_wconf 90' lang='lat' dir='ltr'>a</span> <span class='ocrx_word' id='word_1_233' title='bbox 758 2477 898 2527; x_wconf 89' lang='lat' dir='ltr'>papa</span> <span class='ocrx_word' id='word_1_234' title='bbox 936 2459 1174 2509; x_wconf 84' lang='lat' dir='ltr'>Romano</span> <span class='ocrx_word' id='word_1_235' title='bbox 1220 2460 1440 2509; x_wconf 88' lang='lat' dir='ltr'>missum</span> <span class='ocrx_word' id='word_1_236' title='bbox 1489 2458 1809 2527; x_wconf 87' lang='lat' dir='ltr'>apostolicae</span> <span class='ocrx_word' id='word_1_237' title='bbox 1860 2457 2188 2509; x_wconf 83' lang='lat' dir='ltr'>auctoritatis</span> 
     </span>
     <span class='ocr_line' id='line_1_34' title="bbox 331 2525 2189 2597; baseline 0 -20"><span class='ocrx_word' id='word_1_238' title='bbox 331 2526 550 2596; x_wconf 88' lang='lat' dir='ltr'>pallium</span> <span class='ocrx_word' id='word_1_239' title='bbox 601 2529 839 2597; x_wconf 86' lang='lat' dir='ltr'>sumpsit.</span> <span class='ocrx_word' id='word_1_240' title='bbox 926 2529 1029 2594; x_wconf 75' lang='lat' dir='ltr'>Qui</span> <span class='ocrx_word' id='word_1_241' title='bbox 1082 2547 1202 2579; x_wconf 86' lang='lat' dir='ltr'>cum</span> <span class='ocrx_word' id='word_1_242' title='bbox 1253 2547 1319 2579; x_wconf 78' lang='lat' dir='ltr'>ex</span> <span class='ocrx_word' id='word_1_243' title='bbox 1368 2530 1531 2579; x_wconf 83' lang='lat' dir='ltr'>tantai</span> <span class='ocrx_word' id='word_1_244' title='bbox 1573 2527 1826 2597; x_wconf 81' lang='lat' dir='ltr'>dignitate</span> <span class='ocrx_word' id='word_1_245' title='bbox 1874 2525 2189 2596; x_wconf 84' lang='lat' dir='ltr'>procederet</span> 
     </span>
     <span class='ocr_line' id='line_1_35' title="bbox 330 2596 2186 2667; baseline 0.001 -21"><span class='ocrx_word' id='word_1_246' title='bbox 330 2597 567 2665; x_wconf 82' lang='lat' dir='ltr'>insignis,</span> <span class='ocrx_word' id='word_1_247' title='bbox 606 2597 735 2649; x_wconf 90' lang='lat' dir='ltr'>illud</span> <span class='ocrx_word' id='word_1_248' title='bbox 770 2608 946 2649; x_wconf 86' lang='lat' dir='ltr'>tamen</span> <span class='ocrx_word' id='word_1_249' title='bbox 982 2598 1252 2650; x_wconf 87' lang='lat' dir='ltr'>infortunii</span> <span class='ocrx_word' id='word_1_250' title='bbox 1289 2617 1457 2667; x_wconf 86' lang='lat' dir='ltr'>genus</span> <span class='ocrx_word' id='word_1_251' title='bbox 1495 2596 1866 2663; x_wconf 85' lang='lat' dir='ltr'>arbitrabatur,</span> <span class='ocrx_word' id='word_1_252' title='bbox 1905 2596 2047 2667; x_wconf 90' lang='lat' dir='ltr'>quod</span> <span class='ocrx_word' id='word_1_253' title='bbox 2070 2596 2186 2665; x_wconf 88' lang='lat' dir='ltr'>ipse</span> 
     </span>
     <span class='ocr_line' id='line_1_36' title="bbox 333 2665 2183 2737; baseline 0 -20"><span class='ocrx_word' id='word_1_254' title='bbox 333 2674 595 2736; x_wconf 89' lang='lat' dir='ltr'>superstes</span> <span class='ocrx_word' id='word_1_255' title='bbox 633 2668 697 2720; x_wconf 91' lang='lat' dir='ltr'>de</span> <span class='ocrx_word' id='word_1_256' title='bbox 735 2670 905 2737; x_wconf 88' lang='lat' dir='ltr'>patrio</span> <span class='ocrx_word' id='word_1_257' title='bbox 944 2687 1136 2737; x_wconf 86' lang='lat' dir='ltr'>genere</span> <span class='ocrx_word' id='word_1_258' title='bbox 1172 2667 1371 2719; x_wconf 81' lang='lat' dir='ltr'>nullum</span> <span class='ocrx_word' id='word_1_259' title='bbox 1408 2677 1585 2737; x_wconf 90' lang='lat' dir='ltr'>preter</span> <span class='ocrx_word' id='word_1_260' title='bbox 1608 2666 1903 2719; x_wconf 77' lang='lat' dir='ltr'>Karolumk</span> <span class='ocrx_word' id='word_1_261' title='bbox 1939 2665 2183 2718; x_wconf 84' lang='lat' dir='ltr'>habebat.</span> 
     </span>
     <span class='ocr_line' id='line_1_37' title="bbox 332 2736 2186 2807; baseline -0.001 -21"><span class='ocrx_word' id='word_1_262' title='bbox 332 2736 687 2788; x_wconf 87' lang='lat' dir='ltr'>Miserrimum</span> <span class='ocrx_word' id='word_1_263' title='bbox 725 2756 932 2807; x_wconf 86' lang='lat' dir='ltr'>quoque</span> <span class='ocrx_word' id='word_1_264' title='bbox 973 2738 1075 2790; x_wconf 87' lang='lat' dir='ltr'>sibi</span> <span class='ocrx_word' id='word_1_265' title='bbox 1100 2738 1284 2805; x_wconf 81' lang='lat' dir='ltr'>videri,</span> <span class='ocrx_word' id='word_1_266' title='bbox 1324 2739 1367 2790; x_wconf 90' lang='lat' dir='ltr'>si</span> <span class='ocrx_word' id='word_1_267' title='bbox 1402 2739 1473 2790; x_wconf 85' lang='lat' dir='ltr'>isl</span> <span class='ocrx_word' id='word_1_268' title='bbox 1507 2738 1704 2790; x_wconf 85' lang='lat' dir='ltr'>honore</span> <span class='ocrx_word' id='word_1_269' title='bbox 1740 2737 2091 2802; x_wconf 82' lang='lat' dir='ltr'>frustraretur,</span> <span class='ocrx_word' id='word_1_270' title='bbox 2128 2736 2186 2786; x_wconf 86' lang='lat' dir='ltr'>in</span> 
     </span>
     <span class='ocr_line' id='line_1_38' title="bbox 333 2806 2189 2878; baseline 0.001 -22"><span class='ocrx_word' id='word_1_271' title='bbox 333 2824 435 2874; x_wconf 89' lang='lat' dir='ltr'>quo</span> <span class='ocrx_word' id='word_1_272' title='bbox 475 2806 583 2858; x_wconf 91' lang='lat' dir='ltr'>solo</span> <span class='ocrx_word' id='word_1_273' title='bbox 623 2826 742 2877; x_wconf 91' lang='lat' dir='ltr'>spes</span> <span class='ocrx_word' id='word_1_274' title='bbox 778 2809 1083 2860; x_wconf 90' lang='lat' dir='ltr'>restituendi</span> <span class='ocrx_word' id='word_1_275' title='bbox 1120 2827 1286 2877; x_wconf 87' lang='lat' dir='ltr'>genus</span> <span class='ocrx_word' id='word_1_276' title='bbox 1322 2816 1600 2878; x_wconf 89' lang='lat' dir='ltr'>paternum</span> <span class='ocrx_word' id='word_1_277' title='bbox 1639 2808 1738 2859; x_wconf 90' lang='lat' dir='ltr'>sita</span> <span class='ocrx_word' id='word_1_278' title='bbox 1773 2806 1920 2858; x_wconf 87' lang='lat' dir='ltr'>foret.</span> <span class='ocrx_word' id='word_1_279' title='bbox 1987 2807 2189 2858; x_wconf 83' lang='lat' dir='ltr'>Patruo</span> 
     </span>
     <span class='ocr_line' id='line_1_39' title="bbox 330 2874 2185 2947; baseline 0.001 -22"><span class='ocrx_word' id='word_1_280' title='bbox 330 2876 508 2944; x_wconf 87' lang='lat' dir='ltr'>itaque</span> <span class='ocrx_word' id='word_1_281' title='bbox 556 2878 956 2944; x_wconf 78' lang='lat' dir='ltr'>miserescebat3</span> <span class='ocrx_word' id='word_1_282' title='bbox 1013 2877 1159 2929; x_wconf 89' lang='lat' dir='ltr'>illum</span> <span class='ocrx_word' id='word_1_283' title='bbox 1209 2879 1491 2947; x_wconf 81' lang='lat' dir='ltr'>cogitabat,</span> <span class='ocrx_word' id='word_1_284' title='bbox 1544 2877 1692 2929; x_wconf 88' lang='lat' dir='ltr'>illum</span> <span class='ocrx_word' id='word_1_285' title='bbox 1748 2875 1979 2943; x_wconf 87' lang='lat' dir='ltr'>colebat,</span> <span class='ocrx_word' id='word_1_286' title='bbox 2033 2874 2185 2926; x_wconf 90' lang='lat' dir='ltr'>illum</span> 
     </span>
     <span class='ocr_line' id='line_1_40' title="bbox 330 2943 2184 3017; baseline 0.001 -22"><span class='ocrx_word' id='word_1_287' title='bbox 330 2963 428 3013; x_wconf 90' lang='lat' dir='ltr'>pro</span> <span class='ocrx_word' id='word_1_288' title='bbox 485 2948 793 3013; x_wconf 89' lang='lat' dir='ltr'>parentibus</span> <span class='ocrx_word' id='word_1_289' title='bbox 844 2948 1176 3000; x_wconf 85' lang='lat' dir='ltr'>carissimum</span> <span class='ocrx_word' id='word_1_290' title='bbox 1230 2947 1474 3000; x_wconf 90' lang='lat' dir='ltr'>habebat.</span> <span class='ocrx_word' id='word_1_291' title='bbox 1565 2945 1728 3017; x_wconf 85' lang='lat' dir='ltr'>Apud</span> <span class='ocrx_word' id='word_1_292' title='bbox 1782 2964 1939 3016; x_wconf 90' lang='lat' dir='ltr'>quem</span> <span class='ocrx_word' id='word_1_293' title='bbox 1995 2943 2184 2997; x_wconf 88' lang='lat' dir='ltr'>collato</span> 
     </span>
     <span class='ocr_line' id='line_1_41' title="bbox 331 3013 2184 3087; baseline 0 -22"><span class='ocrx_word' id='word_1_294' title='bbox 331 3015 547 3066; x_wconf 90' lang='lat' dir='ltr'>consilio</span> <span class='ocrx_word' id='word_1_295' title='bbox 611 3016 893 3085; x_wconf 87' lang='lat' dir='ltr'>querebat,</span> <span class='ocrx_word' id='word_1_296' title='bbox 941 3036 1171 3087; x_wconf 90' lang='lat' dir='ltr'>quonam</span> <span class='ocrx_word' id='word_1_297' title='bbox 1220 3018 1377 3069; x_wconf 92' lang='lat' dir='ltr'>modo</span> <span class='ocrx_word' id='word_1_298' title='bbox 1425 3019 1480 3069; x_wconf 91' lang='lat' dir='ltr'>in</span> <span class='ocrx_word' id='word_1_299' title='bbox 1530 3017 1736 3069; x_wconf 89' lang='lat' dir='ltr'>culmen</span> <span class='ocrx_word' id='word_1_300' title='bbox 1781 3016 1994 3068; x_wconf 90' lang='lat' dir='ltr'>honoris</span> <span class='ocrx_word' id='word_1_301' title='bbox 2035 3013 2184 3066; x_wconf 87' lang='lat' dir='ltr'>illum</span> 
     </span>
     <span class='ocr_line' id='line_1_42' title="bbox 328 3084 2185 3157; baseline 0.001 -21"><span class='ocrx_word' id='word_1_302' title='bbox 328 3084 619 3154; x_wconf 87' lang='lat' dir='ltr'>provehere</span> <span class='ocrx_word' id='word_1_303' title='bbox 639 3095 832 3155; x_wconf 88' lang='lat' dir='ltr'>posset,</span> <span class='ocrx_word' id='word_1_304' title='bbox 853 3088 928 3138; x_wconf 88' lang='lat' dir='ltr'>sic</span> <span class='ocrx_word' id='word_1_305' title='bbox 946 3096 1123 3139; x_wconf 88' lang='lat' dir='ltr'>tamen</span> <span class='ocrx_word' id='word_1_306' title='bbox 1142 3095 1199 3139; x_wconf 90' lang='lat' dir='ltr'>ut</span> <span class='ocrx_word' id='word_1_307' title='bbox 1217 3088 1331 3157; x_wconf 90' lang='lat' dir='ltr'>ipse</span> <span class='ocrx_word' id='word_1_308' title='bbox 1351 3088 1491 3157; x_wconf 85' lang='lat' dir='ltr'>regis</span> <span class='ocrx_word' id='word_1_309' title='bbox 1511 3087 1744 3140; x_wconf 86' lang='lat' dir='ltr'>desertor</span> <span class='ocrx_word' id='word_1_310' title='bbox 1762 3103 1867 3137; x_wconf 91' lang='lat' dir='ltr'>non</span> <span class='ocrx_word' id='word_1_311' title='bbox 1885 3092 2185 3156; x_wconf 79' lang='lat' dir='ltr'>appareret.</span> 
     </span>
    </p>
   </div>
   <div class='ocr_carea' id='block_1_11' title="bbox 921 3188 2170 3258">
    <p class='ocr_par' dir='ltr' id='par_1_11' title="bbox 921 3188 2170 3258">
     <span class='ocr_line' id='line_1_43' title="bbox 921 3188 2170 3258; baseline -0.001 -19"><span class='ocrx_word' id='word_1_312' title='bbox 921 3188 1002 3240; x_wconf 84' lang='lat'>33.</span> <span class='ocrx_word' id='word_1_313' title='bbox 1076 3189 1361 3240; x_wconf 87' lang='lat' dir='ltr'>Remorum</span> <span class='ocrx_word' id='word_1_314' title='bbox 1398 3189 1587 3258; x_wconf 87' lang='lat' dir='ltr'>captio.</span> <span class='ocrx_word' id='word_1_315' title='bbox 2168 3235 2170 3238; x_wconf 88' lang='lat'>.</span> 
     </span>
    </p>
   </div>
   <div class='ocr_carea' id='block_1_12' title="bbox 329 3269 2182 3412">
    <p class='ocr_par' dir='ltr' id='par_1_12' title="bbox 329 3269 2182 3412">
     <span class='ocr_line' id='line_1_44' title="bbox 470 3269 2182 3336; baseline 0 -13"><span class='ocrx_word' id='word_1_316' title='bbox 470 3269 632 3323; x_wconf 82' lang='lat' dir='ltr'>Cuius</span> <span class='ocrx_word' id='word_1_317' title='bbox 669 3273 745 3322; x_wconf 89' lang='lat' dir='ltr'>rei</span> <span class='ocrx_word' id='word_1_318' title='bbox 780 3273 1037 3324; x_wconf 87' lang='lat' dir='ltr'>rationem</span> <span class='ocrx_word' id='word_1_319' title='bbox 1075 3274 1149 3324; x_wconf 88' lang='lat' dir='ltr'>sic</span> <span class='ocrx_word' id='word_1_320' title='bbox 1185 3272 1299 3324; x_wconf 87' lang='lat' dir='ltr'>fieri</span> <span class='ocrx_word' id='word_1_321' title='bbox 1335 3272 1701 3336; x_wconf 86' lang='lat' dir='ltr'>arbitrabatur,</span> <span class='ocrx_word' id='word_1_322' title='bbox 1737 3277 1795 3322; x_wconf 89' lang='lat' dir='ltr'>ut</span> <span class='ocrx_word' id='word_1_323' title='bbox 1819 3278 2182 3328; x_wconf 67' lang='lat' dir='ltr'>statuereturn}</span> 
     </span>
     <span class='ocr_line' id='line_1_45' title="bbox 329 3339 2180 3412; baseline 0.001 -21"><span class='ocrx_word' id='word_1_324' title='bbox 329 3348 554 3409; x_wconf 88' lang='lat' dir='ltr'>tempus,</span> <span class='ocrx_word' id='word_1_325' title='bbox 608 3359 710 3411; x_wconf 92' lang='lat' dir='ltr'>quo</span> <span class='ocrx_word' id='word_1_326' title='bbox 750 3342 1000 3411; x_wconf 87' lang='lat' dir='ltr'>primates</span> <span class='ocrx_word' id='word_1_327' title='bbox 1040 3350 1167 3412; x_wconf 90' lang='lat' dir='ltr'>quot</span> <span class='ocrx_word' id='word_1_328' title='bbox 1203 3351 1384 3412; x_wconf 88' lang='lat' dir='ltr'>posset</span> <span class='ocrx_word' id='word_1_329' title='bbox 1427 3344 1483 3394; x_wconf 89' lang='lat' dir='ltr'>in</span> <span class='ocrx_word' id='word_1_330' title='bbox 1516 3340 1646 3393; x_wconf 90' lang='lat' dir='ltr'>urbe</span> <span class='ocrx_word' id='word_1_331' title='bbox 1691 3341 1799 3392; x_wconf 91' lang='lat' dir='ltr'>acsi</span> <span class='ocrx_word' id='word_1_332' title='bbox 1836 3339 2036 3410; x_wconf 79' lang='lat' dir='ltr'>aliquid</span> <span class='ocrx_word' id='word_1_333' title='bbox 2072 3348 2180 3406; x_wconf 66' lang='lat' dir='ltr'>ma}</span> 
     </span>
    </p>
   </div>
   <div class='ocr_carea' id='block_1_13' title="bbox 327 3475 2177 3616">
    <p class='ocr_par' dir='ltr' id='par_1_13' title="bbox 327 3475 2177 3616">
     <span class='ocr_line' id='line_1_46' title="bbox 428 3475 2177 3519; baseline 0 -11"><span class='ocrx_word' id='word_1_334' title='bbox 428 3475 463 3516; x_wconf 83' lang='lat' dir='ltr'>a)</span> <span class='ocrx_word' id='word_1_335' title='bbox 492 3477 523 3507; x_wconf 86' lang='lat' dir='ltr'>E</span> <span class='ocrx_word' id='word_1_336' title='bbox 551 3477 644 3511; x_wconf 76' lang='lat' dir='ltr'>absc.</span> <span class='ocrx_word' id='word_1_337' title='bbox 745 3477 781 3519; x_wconf 90' lang='lat' dir='ltr'>b)</span> <span class='ocrx_word' id='word_1_338' title='bbox 806 3482 886 3518; x_wconf 72' lang='lat' dir='ltr'>post</span> <span class='ocrx_word' id='word_1_339' title='bbox 912 3479 993 3511; x_wconf 74' lang='lat' dir='ltr'>add.</span> <span class='ocrx_word' id='word_1_340' title='bbox 1083 3477 1116 3517; x_wconf 85' lang='grc'><strong>6)</strong></span> <span class='ocrx_word' id='word_1_341' title='bbox 1145 3479 1177 3510; x_wconf 88' lang='lat' dir='ltr'>si</span> <span class='ocrx_word' id='word_1_342' title='bbox 1205 3487 1297 3510; x_wconf 84' lang='lat' dir='ltr'>corr.</span> <span class='ocrx_word' id='word_1_343' title='bbox 1327 3478 1414 3510; x_wconf 87' lang='lat' dir='ltr'>nisi.</span> <span class='ocrx_word' id='word_1_344' title='bbox 1491 3475 1529 3518; x_wconf 86' lang='lat' dir='ltr'>d)</span> <span class='ocrx_word' id='word_1_345' title='bbox 1558 3485 1642 3509; x_wconf 86' lang='lat' dir='ltr'>eam</span> <span class='ocrx_word' id='word_1_346' title='bbox 1670 3484 1795 3507; x_wconf 86' lang='lat' dir='ltr'>coram</span> <span class='ocrx_word' id='word_1_347' title='bbox 1823 3485 1859 3515; x_wconf 87' lang='lat' dir='ltr'>p.</span> <span class='ocrx_word' id='word_1_348' title='bbox 1887 3485 1918 3507; x_wconf 88' lang='grc'><strong>6.</strong></span> <span class='ocrx_word' id='word_1_349' title='bbox 1947 3484 1974 3507; x_wconf 87' lang='lat' dir='ltr'>s.</span> <span class='ocrx_word' id='word_1_350' title='bbox 2004 3475 2029 3509; x_wconf 88' lang='lat' dir='ltr'>i.</span> <span class='ocrx_word' id='word_1_351' title='bbox 2048 3477 2177 3516; x_wconf 78' lang='lat' dir='ltr'>opt.1.</span> 
     </span>
     <span class='ocr_line' id='line_1_47' title="bbox 331 3522 2177 3569; baseline 0.001 -14"><span class='ocrx_word' id='word_1_352' title='bbox 331 3523 364 3564; x_wconf 87' lang='lat' dir='ltr'>e)</span> <span class='ocrx_word' id='word_1_353' title='bbox 395 3530 429 3556; x_wconf 85' lang='lat' dir='ltr'>ct</span> <span class='ocrx_word' id='word_1_354' title='bbox 458 3527 488 3556; x_wconf 89' lang='lat'>1.</span> <span class='ocrx_word' id='word_1_355' title='bbox 601 3525 629 3566; x_wconf 90' lang='lat' dir='ltr'>f)</span> <span class='ocrx_word' id='word_1_356' title='bbox 657 3527 695 3558; x_wconf 85' lang='lat' dir='ltr'>id</span> <span class='ocrx_word' id='word_1_357' title='bbox 722 3536 758 3558; x_wconf 89' lang='lat' dir='ltr'>n.</span> <span class='ocrx_word' id='word_1_358' title='bbox 791 3528 821 3559; x_wconf 93' lang='lat'>1.</span> <span class='ocrx_word' id='word_1_359' title='bbox 937 3526 974 3569; x_wconf 85' lang='lat' dir='ltr'>g)</span> <span class='ocrx_word' id='word_1_360' title='bbox 1004 3531 1039 3558; x_wconf 88' lang='lat' dir='ltr'>et</span> <span class='ocrx_word' id='word_1_361' title='bbox 1066 3531 1101 3559; x_wconf 90' lang='lat' dir='ltr'>et</span> <span class='ocrx_word' id='word_1_362' title='bbox 1127 3537 1157 3559; x_wconf 86' lang='lat' dir='ltr'>c.</span> <span class='ocrx_word' id='word_1_363' title='bbox 1267 3526 1305 3568; x_wconf 88' lang='lat' dir='ltr'>h)</span> <span class='ocrx_word' id='word_1_364' title='bbox 1335 3527 1460 3558; x_wconf 89' lang='lat' dir='ltr'>cibum</span> <span class='ocrx_word' id='word_1_365' title='bbox 1490 3528 1521 3557; x_wconf 91' lang='lat'>1.</span> <span class='ocrx_word' id='word_1_366' title='bbox 1632 3522 1660 3566; x_wconf 87' lang='lat' dir='ltr'>i)</span> <span class='ocrx_word' id='word_1_367' title='bbox 1685 3526 1803 3556; x_wconf 85' lang='lat' dir='ltr'>multa</span> <span class='ocrx_word' id='word_1_368' title='bbox 1828 3527 1859 3558; x_wconf 89' lang='lat'>1.</span> <span class='ocrx_word' id='word_1_369' title='bbox 1969 3522 2010 3565; x_wconf 82' lang='lat' dir='ltr'>k)</span> <span class='ocrx_word' id='word_1_370' title='bbox 2037 3524 2083 3557; x_wconf 90' lang='grc' dir='ltr'>Κ.</span> <span class='ocrx_word' id='word_1_371' title='bbox 2111 3531 2177 3564; x_wconf 68' lang='lat' dir='ltr'>pa·</span> 
     </span>
     <span class='ocr_line' id='line_1_48' title="bbox 327 3574 1343 3616; baseline 0.001 -11"><span class='ocrx_word' id='word_1_372' title='bbox 327 3578 453 3605; x_wconf 87' lang='lat' dir='ltr'>truum</span> <span class='ocrx_word' id='word_1_373' title='bbox 484 3577 514 3608; x_wconf 93' lang='lat' dir='ltr'>l.</span> <span class='ocrx_word' id='word_1_374' title='bbox 615 3574 643 3616; x_wconf 85' lang='lat' dir='ltr'>l)</span> <span class='ocrx_word' id='word_1_375' title='bbox 673 3576 703 3607; x_wconf 81' lang='lat' dir='ltr'>is</span> <span class='ocrx_word' id='word_1_376' title='bbox 731 3576 835 3608; x_wconf 82' lang='lat' dir='ltr'>solus</span> <span class='ocrx_word' id='word_1_377' title='bbox 867 3578 897 3608; x_wconf 88' lang='lat'>1.</span> <span class='ocrx_word' id='word_1_378' title='bbox 1001 3575 1052 3616; x_wconf 87' lang='lat' dir='ltr'>m)</span> <span class='ocrx_word' id='word_1_379' title='bbox 1083 3580 1291 3608; x_wconf 81' lang='lat' dir='ltr'>statuertur</span> <span class='ocrx_word' id='word_1_380' title='bbox 1316 3585 1343 3607; x_wconf 86' lang='lat' dir='ltr'>c.</span> 
     </span>
    </p>
   </div>
  </div>
 </body>
</html>
