2240 3879
131 583 145 598 ⁸
162 595 197 626 p,
227 585 312 618 570.

112 1133 126 1147 '
144 1134 208 1168 fol.
238 1136 257 1166 2
271 1135 307 1168 b.

154 2251 166 2265 ’
183 2254 248 2285 sol.
277 2256 311 2286 2.

212 2307 311 2336 cont.

139 2743 151 2754 ⁸
168 2745 233 2779 fol.
262 2746 310 2778 2¹.

324 273 359 330 '4
765 286 1020 328 RICHERI
1052 282 1469 326 HISTORIARUM
1501 283 1683 324 LIBER
1716 283 1752 324 Ι.

330 427 596 497 principes
651 427 813 477 nimia
865 444 1040 477 rerum
1096 423 1341 492 cupidine
1396 439 1507 473 sese
1561 422 1734 490 preire
1789 422 2180 491 contenderent,

331 498 551 566 quisque
588 503 645 547 ut
680 503 888 565 poterat
921 513 1034 546 rem
1070 492 1339 545 dilatabat.
1413 491 1581 542 Nemo
1612 493 1786 559 regisa
1819 494 2179 561 provectumb‚

328 584 482 618 nemo
523 567 708 634 *regni
752 563 968 617 tutelam
1007 563 1273 633 querebat.
1347 560 1538 612 Aliena
1587 559 1866 629 adquirere
1915 580 2180 614 summum

329 637 521 706 cuique
560 645 684 688 erat.
751 634 862 686 Nec
900 652 1011 686 rem
1049 652 1197 684 suam
1233 631 1524 702 provehere
1561 629 1856 697 videbatur,
1896 633 1987 702 qui
2023 631 2181 684 alieni

329 705 529 775 aliquid
565 723 671 756 non
708 703 951 755 addebat.
1014 702 1169 754 Unde
1196 711 1247 754 et
1273 702 1507 753 omnium
1534 700 1815 751 concordia
1838 702 1894 751 in
1919 720 2180 753 summam

330 774 650 827 discordiam
679 773 887 843 relapsa
914 782 1006 825 est.
1070 773 1210 823 Hinc
1238 771 1574 841 direptiones,
1611 770 1734 821 hinc
1759 770 2020 838 incendia,
2054 771 2180 823 hinc

328 864 503 896 rerum
552 845 889 913 pervasiones
938 861 1181 895 exarsere
1197 852 1233 891 ⁰.
1307 841 1457 906 Quae
1497 859 1616 892 cum
1653 840 2035 892 immanissime
2071 842 2181 910 agi-

327 924 576 979 tarentur,
615 914 816 983 piratae
835 924 867 979 1,
909 913 998 982 qui
1035 910 1459 963 Rhodomensem
1496 911 1825 980 provinciam
1862 908 2181 977 incolebant,

331 1003 465 1053 quae
504 992 582 1035 est
620 982 850 1035 Celticae
891 981 1096 1033 Galliae
1133 1000 1274 1051 pars,
1313 981 1380 1032 ad
1417 999 1593 1032 rerum
1630 980 2015 1032 immanitatem
2050 980 2179 1031 inci-

327 1062 517 1106 tantur.
591 1053 742 1105 Haec
784 1071 914 1120 gens
952 1050 1019 1103 ab
1057 1051 1241 1103 insulis
1290 1051 1473 1102 oceani
1523 1049 1976 1119 septentrionalisd
2013 1067 2180 1100 remo-

327 1123 547 1177 tioribus
587 1123 677 1174 diu
713 1130 831 1174 ante
871 1122 1087 1174 exierat.
1163 1121 1295 1172 *Ete
1346 1139 1441 1189 per
1489 1121 1656 1171 maria
1705 1119 1928 1171 errando
1977 1118 2182 1171 classed

329 1194 565 1259 devecta,
618 1211 877 1244 summam
924 1191 1060 1242 hanc
1101 1189 1393 1242 Galliarum
1429 1198 1635 1259 partem
1674 1190 1932 1258 attigerat.
2010 1188 2181 1259 Saepe

330 1281 538 1333 quoque
578 1281 694 1314 eam
732 1263 890 1312 armis
929 1261 1214 1330 impetivit,
1266 1278 1423 1329 saepe
1461 1261 1618 1311 etiam
1657 1278 1687 1309 a
1726 1268 1894 1310 terrae
1930 1260 2182 1328 principi-

329 1334 426 1385 bus
465 1333 673 1384 devicta
712 1331 974 1383 occubuit.
1049 1330 1206 1396 Quod
1245 1348 1364 1380 cum
1402 1327 1667 1380 multoties
1706 1329 1841 1379 inter
1868 1346 1980 1379 sese
2006 1346 2182 1380 move-

328 1410 467 1468 rent,
523 1403 694 1453 visum
742 1401 841 1452 fuit
887 1399 1091 1452 Galliae
1141 1399 1471 1468 primatibus,
1528 1406 1587 1450 ut
1635 1398 1773 1449 dono
1819 1416 2005 1467 regum
2048 1397 2181 1450 haec

326 1472 602 1541 provincia
652 1472 700 1522 ei
749 1470 1135 1536 conferretur23
1191 1470 1264 1520 ita
1309 1476 1502 1534 tamen,
1557 1476 1630 1533 ut,
1680 1466 1924 1519 idolatria
1973 1469 2182 1538 penitus

326 1542 526 1607 relicta,
575 1540 888 1591 christianae
935 1539 1177 1608 religioni
1224 1558 1277 1590 se
1327 1537 1551 1589 fideliter
1605 1539 1933 1607 manciparet
1977 1555 2184 1590 necnon

329 1622 379 1663 et
437 1610 652 1679 regibus
716 1609 1008 1660 Galliarum
1062 1618 1203 1660 terra-
1271 1609 1509 1678 marique
1571 1607 1830 1660 fideliterd
1889 1607 2138 1659 militaret
2151 1607 2179 1658 f.

326 1681 500 1732 Huius
537 1680 842 1749 provinciae
879 1678 1182 1748 metropolis
1202 1677 1538 1729 Rhodomum
1577 1696 1691 1729 esse
1730 1677 2036 1743 dinoscitur,
2083 1696 2181 1735 sex

327 1759 533 1802 tantum
564 1748 801 1815 urbibus,
829 1749 1041 1800 Baiocis
1067 1746 1331 1813 videlicet,
1358 1748 1703 1813 Abi-incanto,
1730 1747 1969 1814 Ebrocis,
1999 1747 2178 1815 Sagio,

331 1820 685 1885 Constantiae,
722 1819 898 1870 Liscio
915 1828 950 1885 3,
989 1820 1098 1870 Vim
1126 1836 1251 1869 suae
1277 1818 1648 1869 dominationis
1674 1817 1966 1869 intendens.
2023 1818 2180 1869 Hanc

329 1891 506 1959 itaque
533 1909 599 1940 ex
625 1889 841 1958 antiquo
868 1889 935 1938 ad
961 1889 1181 1958 piratisd
1208 1898 1541 1956 possessam&5
1566 1907 1694 1954 esse,
1720 1887 2058 1939 manifestum
2085 1895 2179 1942 est.

333 1960 439 2010 Sed
489 1967 706 2028 paterna
751 1959 909 2009 tuncd
949 1959 1133 2010 sevitia
1183 1958 1327 2008 ducti
1342 1959 1379 2022 ¹¹,
1436 1958 1491 2008 in
1545 1958 1812 2027 principes
1868 1956 2180 2010 dissidentes

330 2028 499 2081 moliri
547 2036 815 2079 conantur.
889 2027 1045 2078 Unde
1084 2036 1133 2078 et
1169 2027 1454 2078 latrociniis
1492 2045 1554 2078 ac
1593 2025 2007 2078 discursionibus
2045 2028 2182 2079 Brit-

330 2099 564 2149 tanniam
602 2099 874 2163 minorem,
915 2116 1049 2166 quae
1089 2105 1167 2148 est
1205 2095 1408 2148 Galliae
1447 2098 1696 2165 contigua
1732 2106 1890 2166 atque
1933 2096 2180 2163 militans,

331 2169 574 2220 infestare
612 2167 1006 2236 aggrediuntur.
1080 2166 1284 2236 Reique
1324 2168 1656 2218 occasionem
1694 2167 1850 2231 nacti,
1895 2165 2056 2218 fidem
2092 2186 2181 2236 pe·

331 2239 470 2290 nitus
526 2236 846 2305 abrumpunt
898 2235 1222 2306 ulteriusque
1277 2236 1572 2305 procedunt
1619 2238 1675 2287 in
1727 2235 1972 2287 Galliam.
2065 2237 2180 2288 *Ac

332 2309 743 2376 circumquaque
788 2305 1040 2376 palantes,
1088 2305 1246 2375 longe
1294 2306 1500 2375 lateque
1540 2305 1916 2373 diffundunnu·,
1964 2306 2181 2358 femina-

330 2397 463 2439 rum,
502 2395 802 2446 puerorum,
839 2376 1104 2444 pecudum
1137 2385 1535 2446 ceterarumque
1562 2395 1737 2428 rerum
1774 2395 1881 2428 non
1916 2376 2182 2427 modicam

330 2447 549 2517 predam
609 2446 946 2498 abducentes.
1043 2446 1414 2514 Recipiunturi
1464 2464 1586 2497 vero
1635 2464 1754 2497 cum
1805 2447 1885 2497 his
1936 2444 2181 2497 omnibus

331 2536 480 2569 secus
522 2516 824 2586 Sequanam
873 2515 989 2567 loco
1043 2517 1131 2585 qui
1181 2514 1395 2567 Givoldi
1448 2515 1623 2567 fossa4
1671 2524 2024 2585 nuncupatur.
2097 2515 2179 2567 Ac

330 2587 468 2639 idem
495 2587 670 2655 sepius
698 2587 950 2655 aggressi,
990 2584 1194 2636 Galliae
1223 2584 1453 2636 Celticae
1477 2593 1697 2654 partem,
1739 2605 1873 2656 quae
1902 2584 2181 2655 Sequanae

330 2657 612 2726 Ligerique
660 2655 834 2707 fluviis
879 2656 1166 2721 interiacet,
1222 2657 1392 2724 quae*
1442 2664 1493 2706 et
1538 2655 1783 2708 Neustria
1829 2664 2178 2725 nuncupatur,

330 2735 492 2778 totam
519 2745 652 2794 pene
678 2727 919 2777 insectati
946 2727 1118 2777 suntk.
1192 2728 1208 2744 *
1225 2725 1455 2795 Hisquel
1482 2727 1657 2777 animo
1685 2727 1868 2791 inerat,
1907 2726 2179 2777 interiores
2237 2784 2240 2787 ἢ

334 2794 624 2846 Galliarum
676 2805 849 2864 partes
895 2797 1188 2865 irrumpere
1237 2814 1523 2865 earumque
1560 2805 1742 2864 gentes
1789 2804 1880 2846 aut
1916 2813 1947 2845 a
1985 2795 2178 2847 finibus

331 2863 522 2934 pellere
567 2873 658 2916 aut
703 2866 1031 2933 gravissimis
1070 2865 1385 2917 substituere
1424 2865 1649 2917 tributis.
1722 2864 1787 2916 Id
1824 2865 1983 2915 etiam
2019 2864 2178 2916 anted

454 2984 490 3036 *J
527 2999 569 3037 q.
605 2990 646 3024 et
680 2985 731 3024 N.
767 2998 807 3024 n.
842 2985 946 3025 adel.
983 2985 1023 3026 2.

429 3090 464 3130 a)
496 3091 593 3128 regis
620 3099 711 3120 corr.
740 3091 832 3129 eius,
856 3094 937 3129 post
964 3092 1114 3122 restituit
1143 3093 1175 3123 2.
1255 3090 1293 3133 b)
1323 3091 1519 3123 commoda
1549 3092 1580 3122 1.
1659 3089 1692 3130 c)
1722 3099 1959 3123 exarsere—
1985 3092 2132 3123 exierat
2158 3092 2179 3123 2

332 3140 567 3170 inlocoraso.
633 3138 669 3178 d)
695 3140 868 3177 postadd.
947 3139 981 3180 e)
1010 3141 1054 3171 Et
1076 3142 1175 3171 —in
1194 3140 1360 3173 Galliam
1394 3141 1432 3170 in
1468 3140 1630 3170 schedula
1653 3144 1736 3178 post
1763 3140 1909 3179 adjecta.
1988 3139 2017 3181 f)
2047 3143 2180 3172 —rent

330 3198 422 3219 roz-r.
456 3192 568 3219 -ι-6ῐ.
672 3187 707 3226 g)
734 3197 905 3227 Posse-ssa
934 3194 989 3221 est
1015 3199 1106 3222 corr.
1134 3194 1170 3219 ηε
1197 3191 1249 3221 ecl.
1349 3187 1387 3229 h)
1417 3189 1519 3220 ducti
1550 3207 1591 3212 —
1622 3187 1789 3220 Galliam
1816 3189 1854 3219 in
1881 3189 1955 3220 Ioco
1982 3198 2068 3220 raso
2095 3189 2178 3221 aliis

330 3238 458 3269 deleti&
550 3237 576 3276 i)
606 3237 916 3276 recipiunturque
946 3240 978 3269 1.
1067 3238 1105 3278 k)
1130 3239 1243 3278 plura
1269 3247 1383 3270 erasa.
1484 3236 1511 3277 l)
1541 3237 1608 3267 His
1638 3239 1670 3268 1.

457 3344 500 3398 1)
534 3347 563 3385 i.
600 3359 638 3386 e.
672 3346 933 3395 Normanni‚
984 3348 1057 3399 qui
1099 3353 1203 3388 tunc
1255 3347 1448 3388 nondum
1492 3347 1784 3398 Rotomagum
1840 3345 1992 3400 adepti
2041 3351 2178 3388 erant.

333 3407 378 3444 2t
414 3407 481 3446 De
506 3412 635 3460 pacto
661 3420 758 3446 cum
781 3406 966 3446 Rollone
1001 3407 1112 3447 duce
1137 3423 1175 3449 a.
1195 3409 1296 3448 911.
1333 3409 1448 3448 facto
1481 3406 1602 3460 loqui
1635 3407 1820 3457 videtur,
1853 3420 1998 3447 rerum
2029 3412 2177 3460 gesta-

331 3480 425 3507 rum
460 3468 657 3507 ordinem
690 3466 819 3506 valde
853 3468 1045 3508 turbans.
1111 3470 1236 3518 Quod
1280 3470 1365 3510 hoc
1408 3467 1509 3508 loco
1552 3472 1650 3520 post
1682 3469 1845 3508 inserto
1879 3468 2048 3508 factum
2081 3481 2178 3510 esse

332 3532 467 3580 patet.
592 3528 638 3579 3}
671 3527 815 3567 Hodie
850 3529 1045 3580 Bayeux,
1078 3531 1350 3580 Avi-anches,
1384 3530 1573 3579 Evreux,
1609 3527 1719 3568 seez
1753 3527 1908 3583 (prope
1942 3527 2179 3583 Alencon)‚

335 3587 596 3639 Coutances‚
631 3589 824 3628 Lisieux.
950 3588 996 3638 4)
1032 3589 1238 3641 Ge'fosse;
1274 3591 1328 3632 cf.
1361 3590 1586 3630 Prudentii
1621 3588 1801 3630 annales
1835 3603 1871 3631 a.
1906 3589 2010 3632 856.
