2240 3879
504 250 756 292 RICHERI
789 250 1201 293 HISTORIARUM
1232 250 1415 291 LIBER
1447 251 1508 291 ΙΙ.
1875 250 1930 290 81

100 407 225 458 ergo
265 387 520 457 oppidum
558 389 646 438 ina
683 389 798 456 ipso
835 386 1146 456 crepusculo
1185 404 1482 455 aggressae,
1531 388 1802 457 repentina
1839 405 1928 458 op-

97 459 414 528 pugnatione
454 457 858 526 circumquaque
893 456 1156 507 infestant.
1236 455 1437 507 Instant
1474 475 1680 526 quoque
1717 475 1929 526 magna-

96 527 303 578 nimiter
340 544 541 595 capere.
614 526 684 577 Et
711 528 832 595 quia
856 543 1038 577 revera
1076 523 1265 575 milites
1297 525 1643 593 paucissimos
1680 544 1928 595 armaque

95 596 187 647 vix
241 594 416 665 aliqua
469 595 723 659 sciebant,
778 594 1131 645 indesinenter
1188 593 1327 644 vires
1388 602 1608 646 exerunt
1667 597 1929 664 armisque

92 663 370 732 adurgent.
443 664 515 715 At
552 663 666 716 aliis
702 663 947 732 fatigatiS,
985 661 1075 713 alii
1119 663 1303 713 intacti
1348 663 1646 715 succedunt.
1735 662 1927 732 Sicque

92 734 205 784 sine
243 734 623 784 intermissione
660 732 1004 801 paucissimos
1050 732 1316 783 numerosi
1358 739 1599 784 atterunt.
1660 732 1926 801 Oppidani

93 820 217 854 vero
256 803 467 854 assidua
504 802 888 871 expugnatione
925 801 1102 867 attriti,
1139 800 1222 851 die
1260 799 1420 852 altera
1444 802 1550 853 iam
1576 800 1682 854 sole
1709 800 1929 853 occiduo

95 889 274 923 omnes
302 890 420 923 cum
447 871 656 922 domino
683 869 750 921 ad
776 869 1092 923 deditionem
1120 878 1390 939 cogimtnr.
1438 871 1530 922 Inb
1560 889 1662 942 quo
1690 870 1929 937 tumultU,

93 959 196 1010 quo
257 959 449 1010 genere
503 940 657 1008 fugae
709 940 963 1004 nescitur,
1016 939 1176 1008 Hugo
1224 939 1499 991 abdicatus
1551 940 1739 993 evadit.
1814 940 1930 991 *De

93 1009 344 1062 militibus
389 1027 512 1061 vero
551 1010 640 1078 qui
675 1009 904 1077 potiores
940 1008 1254 1060 videbantur
1291 1009 1570 1078 capiuntur
1618 1027 1694 1076 ac,
1736 1009 1930 1079 oppido

89 1078 207 1130 aliis
246 1079 521 1148 deputatis,
558 1078 672 1147 regi
710 1077 1055 1129 deducuntur.

525 1192 606 1244 84.
662 1192 779 1243 Rex
813 1192 1048 1244 Montem
1085 1192 1320 1243 Acutum
1358 1192 1514 1261 capit.

229 1291 377 1343 Rex¹
434 1309 557 1343 vero
612 1300 844 1343 castrum
900 1292 1043 1361 quod
1091 1290 1283 1344 dicitur
1329 1291 1482 1342 Mons
1520 1289 1736 1355 AcutuS,
1792 1291 1933 1359 quod

90 1361 250 1412 etiam
297 1368 376 1412 est
423 1361 680 1412 Lauduno
730 1362 1058 1430 contiguum,
1114 1379 1236 1412 cum
1292 1361 1526 1412 exercitu
1572 1360 1931 1429 oppugnabat.

91 1429 162 1481 Et
199 1430 323 1499 quia
357 1447 464 1481 non
501 1431 624 1481 satis
662 1429 833 1482 adhuc
883 1448 1153 1481 murorum
1202 1429 1529 1482 firmamento
1570 1428 1928 1495 claudebatur,

90 1516 189 1550 nec
237 1498 516 1551 multitudo
576 1499 800 1551 militum
850 1499 1114 1551 sufficiens
1169 1499 1443 1551 commode
1498 1498 1572 1550 ibi
1628 1497 1928 1550 cohabitare

91 1576 310 1637 poterat,
372 1570 578 1637 urgenti
638 1568 899 1620 obsidioni
959 1568 1153 1620 diutius
1214 1570 1454 1621 resistere
1516 1567 1769 1637 oppidani
1823 1586 1929 1619 non

90 1639 374 1708 patiuntur.
430 1638 572 1690 Victi
609 1656 731 1707 ergo
771 1639 963 1707 cedunt
999 1656 1061 1689 ac
1098 1638 1336 1690 resistere
1364 1639 1653 1708 quiescunt.
1711 1636 1926 1706 Oppido

88 1709 264 1776 itaque
315 1715 487 1777 captO,
537 1726 632 1759 rex
677 1725 798 1758 suos
849 1708 1065 1776 deputat
1111 1715 1161 1759 et
1210 1709 1284 1758 sic
1329 1707 1616 1760 exercitum
1666 1706 1925 1758 Lauduno

90 1776 317 1842 inducit3
377 1775 703 1829 obsidionem
749 1795 844 1846 per
898 1776 1016 1828 loca
1066 1776 1345 1828 commoda
1399 1777 1631 1845 disponit
1683 1778 1924 1845 viresque

85 1845 376 1897 admodum
415 1846 728 1898 confertss·².
804 1845 1155 1915 *Saepissime
1194 1847 1431 1897 eminusd
1471 1847 1792 1897 decertatum
1831 1854 1924 1899 est.

91 1913 400 1966 Comminus
438 1917 595 1966 etiam
633 1914 936 1966 dimicatum
975 1916 1171 1967 novies.
1245 1914 1398 1966 Nullo
1427 1932 1551 1966 vero
1578 1914 1925 1983 prosperioris

86 1982 325 2035 fortunae
372 2003 617 2037 successu
664 1985 839 2052 regius
887 1985 1113 2053 impetus
1163 2001 1223 2036 eo
1268 1993 1504 2053 tempore
1550 1984 1752 2035 enituit.
1823 1983 1926 2034 Im-

89 2053 322 2105 minebat
346 2054 537 2105 etenim
562 2053 746 2104 hiemis
771 2054 1122 2123 intemperies,
1161 2053 1299 2106 unde
1333 2062 1384 2105 et
1408 2052 1627 2105 bellicae
1653 2052 1926 2104 machinae

88 2123 177 2172 ine
230 2122 449 2174 articulo
505 2123 755 2192 temporis
810 2123 1053 2175 fabricari
1102 2141 1208 2174 non
1256 2131 1511 2193 poterant,
1570 2122 1679 2173 sine
1733 2121 1923 2191 quibus

84 2192 220 2243 tanti
256 2192 446 2243 montis
483 2193 765 2244 eminentia
801 2193 1097 2262 expugnari
1132 2210 1238 2243 non
1280 2200 1468 2262 potest.
1550 2192 1710 2260 Regis
1748 2194 1925 2261 itaque

87 2260 235 2312 iussu
272 2263 532 2313 exercitus
571 2261 721 2326 redit,
770 2262 940 2313 hieme
986 2269 1249 2313 transacta
1295 2261 1572 2314 rediturus.
1644 2261 1761 2312 Rex
1796 2279 1923 2313 vero

88 2329 266 2381 Remis
304 2349 415 2382 sese
453 2331 750 2400 privatumd
786 2331 999 2400 recepit.

229 2430 310 2481 85.
365 2429 526 2499 Hugo
563 2437 737 2481 autem
788 2429 911 2496 dux,
961 2431 1332 2499 episcoporum
1377 2430 1656 2481 anathema
1702 2428 1924 2498 vilipen-

87 2497 218 2549 dens
255 2516 316 2549 ac
352 2500 464 2566 regi
501 2499 655 2550 subdi
692 2507 1082 2568 contempnens,
1121 2517 1242 2550 cum
1278 2499 1453 2549 multis
1480 2498 1924 2549 Nortmannorum

90 2567 259 2636 copiis
319 2569 551 2636 regiamd
612 2567 796 2619 urbem
858 2568 1225 2620 Suessonicam
1293 2567 1600 2636 aggreditur
1657 2566 1924 2636 multaque

90 2634 363 2688 obsidione
401 2638 606 2706 premit.
661 2637 809 2688 Alios
847 2638 1022 2706 itaque
1058 2636 1310 2688 adorsusf
1378 2636 1514 2688 ladio
1554 2645 1749 2702 enecat,
1795 2635 1922 2688 alios

90 2723 215 2757 vero
251 2705 390 2757 nube
427 2708 736 2775 sagittarum
773 2724 834 2757 ac
871 2707 1174 2757 balistarum
1211 2656 1467 2758 loetaliter
1492 2706 1703 2757 sauciat.
1758 2706 1924 2757 Iniec-

86 2774 260 2844 tisque
308 2774 476 2827 iaculo
530 2775 756 2844 ignibus,
815 2775 1029 2827 domum
1075 2776 1254 2827 matris
1303 2774 1583 2827 aecclesiae
1635 2774 1919 2826 succendit.

87 2841 494 2914 Claustrumque
530 2845 899 2897 canonicorum
931 2862 992 2896 ac
1023 2853 1228 2913 partem
1258 2844 1481 2897 civitatis
1515 2844 1767 2896 maiorem
1793 2845 1922 2913 igni-

89 2910 188 2964 bus
227 2912 334 2965 solo
373 2923 520 2966 tenus
559 2914 859 2967 combussit.
935 2916 1107 2980 Quam
1145 2931 1264 2964 cum
1291 2932 1479 2983 capere
1505 2931 1610 2965 non
1634 2922 1830 2983 posset,
1869 2915 1924 2964 in

94 2998 292 3050 pagum
337 2983 661 3050 Remensem,
715 2983 806 3035 ubi
857 3001 952 3035 rex
995 2991 1118 3035 tunc
1166 2983 1398 3052 privatus
1453 2983 1772 3041 morabatur,
1825 2983 1924 3034 iter

90 3050 415 3104 truculentus
450 3053 669 3105 reflectit
683 3062 720 3103 g.
796 3051 958 3105 Cuius
994 3052 1276 3104 adventum
1313 3053 1350 3103 ii
1388 3053 1478 3122 qui
1513 3053 1621 3104 ruri
1663 3051 1925 3121 degebant

89 3120 378 3187 audienteS,
413 3122 468 3173 in
503 3121 780 3174 aecclesias
819 3121 1118 3174 sanctorum
1136 3139 1262 3172 cum
1288 3123 1395 3173 suis
1421 3122 1578 3175 rebus
1605 3121 1924 3189 confugiunt.

93 3187 168 3240 At
201 3191 434 3242 tirannus
459 3209 753 3261 pauperum
779 3191 945 3243 turbis
971 3191 1336 3257 inmisericorS,
1375 3209 1555 3243 eorum
1572 3192 1593 3224 d
1618 3190 1734 3259 plus
1762 3208 1920 3259 quam

193 3329 228 3371 a)
256 3332 296 3363 in
319 3332 343 3363 i.
372 3341 421 3363 cr.
445 3336 526 3372 pose
553 3333 633 3366 add.
693 3331 730 3373 b)
760 3333 912 3371 Hugoni
940 3332 1050 3364 datur
1077 3340 1094 3363 r
1118 3331 1268 3362 scribere
1293 3336 1460 3371 coeptum.
1514 3330 1546 3371 c)
1577 3331 1748 3363 conferre
1779 3352 1925 3363 ......

89 3379 391 3459 {gigitgssnierm
514 3380 551 3422 d)
576 3385 655 3421 post
682 3382 762 3413 add.
883 3381 917 3420 e)
947 3382 984 3412 in
1012 3389 1045 3414 a.
1074 3384 1099 3413 t.
1125 3381 1163 3410 in
1190 3389 1301 3419 mar-9.
1423 3380 1451 3420 f)
1480 3389 1495 3411 e
1522 3389 1614 3412 corr.
1732 3377 1769 3419 g)
1798 3387 1848 3411 m.
1875 3381 1928 3409 tr.

223 3534 265 3587 1)
315 3535 418 3577 Dux
453 3536 679 3579 Com-adas
723 3537 848 3580 Flod.
989 3536 1035 3589 2)
1083 3538 1209 3578 Haec
1242 3537 1470 3578 Richerus.

1508 3606 1539 3657 6

1956 404 2040 435 948.

1948 949 2008 990 ⁸p.
2039 950 2122 982 607.

1944 1858 1955 1870 ’
1974 1860 2043 1894 fol.
2072 1860 2148 1892 29‘.
