2240 3879
502 265 754 308 RICHERI
789 266 1205 308 HISTORIARUM
1238 266 1421 308 LIBER
1453 268 1515 308 11.
1863 271 1917 311 65

80 410 358 456 consecuta
408 404 536 454 est*.
613 403 890 468 Quomodo
947 403 1084 454 enim
1121 410 1295 470 preter
1343 421 1426 454 me
1476 406 1773 456 necessaria
1821 408 1918 460 tibi
1936 422 2019 455 946.

78 490 140 523 ac
178 471 406 540 gloriosa
442 474 718 540 provenire
755 471 1045 524 arbitrare?
1115 470 1356 537 Multum,
1404 472 1618 540 inquam
1631 482 1667 539 ³,
1718 474 1814 526 tibi
1864 477 1918 527 in

79 541 177 592 hoc
215 539 526 608 derogatum
565 548 656 593 est.
736 542 850 592 Iam
888 541 1189 592 memineris
1208 550 1242 606 ¹,
1281 547 1330 591 te
1368 541 1540 591 virum
1579 559 1706 594 esse.
1783 543 1916 596 Con-

79 609 274 661 sideres
325 627 550 679 quoque,
608 610 735 679 quid
783 618 902 661 tuae
950 609 1140 660 rationi
1188 609 1523 661 commodum
1570 612 1650 662 sit.
1724 611 1917 681 Sicque

78 679 242 730 virtus
279 679 473 745 redeat,
520 680 612 730 utb
662 681 715 729 in
761 677 1169 730 benivolentiam
1217 696 1312 730 nos
1358 688 1596 746 revocet,
1658 688 1708 732 te
1756 681 1918 750 impe-

77 756 281 799 rantem
320 757 370 800 et
406 766 489 799 me
526 747 834 800 militantem
851 757 884 813 ⁰,
922 765 1017 816 per
1053 766 1136 799 me
1175 749 1332 799 etiam
1370 747 1599 817 reliquos
1637 748 1917 802 militatum

77 815 173 868 tibi
208 816 440 868 reducat.
512 817 583 868 Et
620 817 741 885 quia
775 834 870 867 rex
907 834 938 866 a
975 835 1058 867 me
1097 826 1316 884 creatUS,
1366 817 1496 868 nihil
1532 817 1661 869 mihi
1697 818 1918 887 largitus

78 893 149 948 es,
175 885 491 937 Laudunum
517 884 696 937 saltem
724 883 1008 937 militaturo
1034 884 1319 938 liberaliter
1342 887 1703 943 accommoda.
1761 888 1918 953 Quod

77 956 234 1006 etiam
273 973 432 1007 causa
468 955 566 1007 erit
601 954 724 1006 fidei
762 954 1081 1009 servandae’.
1139 956 1274 1021 Rex,
1313 964 1496 1025 utpote
1523 966 1722 1025 cathS,
1762 957 1917 1009 dictis

76 1023 435 1093 proloquentis
473 1023 643 1076 cessit.
699 1023 853 1074 Unde
881 1032 932 1075 et
957 1023 1221 1091 dimissuS,
1261 1024 1383 1076 data
1409 1025 1667 1077 Lauduno
1684 1027 1721 1092 d,
1764 1026 1917 1079 Com-

76 1092 256 1162 pendii
294 1111 405 1144 sese
441 1093 643 1161 recepit
659 1101 693 1143 ².
766 1092 933 1144 Adest
980 1092 1256 1162 Gerberga
1302 1096 1483 1163 regina
1527 1093 1690 1146 multa
1726 1096 1918 1148 virtute

76 1161 446 1214 memorabilis
530 1161 740 1213 Adsunt
791 1180 1000 1232 quoque
1044 1162 1242 1232 aliquot
1292 1182 1359 1214 ex
1396 1162 1615 1232 Belgica
1663 1166 1916 1235 episcopi.

75 1230 363 1283 Confiuunt
400 1231 556 1282 etiam
594 1232 692 1282 viri
729 1229 953 1283 illustres
991 1231 1244 1283 nonnulli.

211 1331 294 1382 52.
351 1330 691 1395 Querimonia
733 1331 873 1398 regis
910 1330 1054 1400 apud
1090 1332 1355 1400 privatose
1400 1332 1463 1384 de
1500 1331 1778 1401 Hugonise

788 1402 1151 1469 persecutione
1166 1411 1201 1452 θ.

210 1483 372 1552 Apud
411 1501 542 1552 quos
589 1484 745 1535 etiam
791 1503 887 1535 rex
934 1484 1015 1535 his
1060 1484 1236 1536 verbis
1285 1493 1604 1555 conquestus
1652 1494 1745 1538 est.
1819 1485 1915 1537 Et:

74 1551 189 1602 <Eia
227 1555 296 1603 tu'
313 1553 340 1619 f,
387 1552 646 1622 inquienS,
686 1553 886 1622 ‘Hugol
928 1554 1029 1604 Eia
1065 1553 1153 1606 tuf
1185 1554 1375 1622 Hugo!
1426 1554 1650 1619 Quantis
1688 1553 1844 1606 bonis
1882 1573 1913 1606 a

75 1629 124 1673 te
161 1621 410 1689 privatus,
451 1623 658 1691 quantis
684 1621 834 1673 malis
866 1622 1100 1683 affectus,
1139 1630 1333 1692 quanto
1360 1624 1517 1674 etiam
1544 1642 1746 1675 merore
1773 1642 1914 1675 nunc

73 1689 336 1742 detineor!
411 1691 610 1743 Urbem
664 1691 950 1743 Remorum
1003 1693 1298 1760 pervasisti.
1388 1692 1706 1744 Laudunum
1763 1694 1917 1744 surri-

72 1760 248 1827 puisti.
320 1760 420 1811 His
454 1768 657 1812 tantum
695 1759 902 1812 duobus
928 1761 1237 1830 recipiebar,
1276 1761 1355 1812 his
1382 1760 1591 1813 duobus
1618 1760 1916 1814 claudebar.

73 1829 230 1881 Pater
266 1847 414 1881 meus
453 1838 638 1898 captus
675 1838 830 1899 atque
876 1831 931 1881 in
975 1848 1237 1882 carcerem
1286 1839 1474 1897 trusus,
1529 1831 1622 1882 has
1662 1849 1795 1900 quae
1833 1849 1917 1882 me

73 1907 319 1967 premunt
355 1916 631 1950 aerumnas
681 1916 802 1950 cum
849 1900 1025 1950 anima
1072 1899 1226 1951 simul
1274 1900 1462 1951 amisit.
1535 1900 1651 1968 Ego
1689 1918 1812 1951 vero
1860 1901 1915 1950 in

74 1966 259 2019 eadem
295 1968 655 2037 precipitatUS,
695 1987 763 2020 ex
799 1987 960 2037 regno
1000 1978 1218 2038 paterno
1255 1968 1384 2018 nihil
1420 1968 1521 2018 nisi
1556 1968 1915 2038 spectaculum

74 2037 268 2105 prebeo
285 2045 320 2087 3.
391 2037 507 2087 Iam
543 2055 641 2089 nec
678 2038 854 2089 vivere
891 2038 1034 2103 libet,
1090 2056 1187 2089 nec
1239 2038 1403 2089 emori
1452 2036 1590 2090 licet.
1676 2038 1793 2103 Quo
1831 2055 1915 2089 me

73 2107 249 2175 itaque
287 2106 599 2157 conferam’?
635 2107 942 2177 Pal-ansque
980 2107 1205 2176 amplius
1244 2107 1510 2177 conqueri,
1547 2106 1613 2159 ab
1640 2107 1917 2175 indignan-

74 2174 212 2227 tibus
261 2174 511 2227 inhibitus
562 2184 654 2228 est.
741 2176 949 2228 Deinde
998 2178 1231 2229 animum
1275 2183 1589 2246 temperanS,
1639 2176 1915 2228 consilium

43 2281 45 2290 .
74 2262 195 2295 cum
232 2246 338 2295 suis
377 2245 590 2297 confert.

211 2314 295 2365 53.
351 2314 469 2379 Quo
520 2313 724 2380 collato,
782 2314 965 2367 Ottoni
1017 2315 1130 2383 regi
1183 2333 1278 2383 per
1329 2313 1532 2383 legatos
1588 2317 1912 2384 ereptionem

74 2399 223 2434 suam
261 2382 607 2449 demonstrat,
652 2392 807 2435 antea
843 2402 956 2437 sese
994 2391 1222 2452 captum,
1270 2401 1409 2434 nunc
1457 2395 1631 2435 autem
1669 2383 1912 2435 omnibus

75 2451 227 2503 bonis
264 2451 528 2520 privatum
575 2461 934 2519 memorans43
991 2453 1128 2505 unde
1175 2461 1226 2505 et
1268 2454 1438 2504 amico
1489 2451 1746 2503 auxilium
1795 2470 1914 2504 con-

76 2519 235 2586 ferat3
289 2519 446 2572 urbes
495 2521 716 2572 amissas
765 2529 1002 2591 repetere
1039 2523 1211 2587 iuvet;
1268 2522 1312 2572 si
1359 2521 1414 2572 id
1462 2521 1644 2588 faciat,
1689 2522 1914 2591 gratiam

77 2587 294 2640 multam
332 2607 445 2641 sese
470 2588 591 2641 inde
616 2599 1151 2659 recompensaturum.
1227 2589 1351 2642 Otto
1377 2589 1753 2659 benignissime
1777 2590 1917 2659 lega-

76 2659 274 2710 tionem
311 2660 597 2729 excipienS,
643 2676 762 2710 cum
811 2661 977 2729 copiis
1026 2660 1081 2710 in
1127 2659 1266 2726 regis
1314 2658 1571 2710 auxilium
1619 2677 1673 2711 se
1722 2662 1918 2712 iturum

79 2727 302 2797 spondet
362 2745 424 2780 ac
477 2736 683 2797 tempus
740 2728 915 2781 edicit.
1012 2728 1199 2797 Legati
1262 2727 1482 2780 redeunt
1550 2747 1614 2780 ac
1669 2729 1919 2781 mandata

79 2795 322 2848 referunt.
413 2796 524 2849 Nec
572 2798 746 2849 minus
796 2805 846 2849 et
888 2798 954 2849 ab
973 2805 992 2830 ³
1040 2816 1163 2866 rege
1213 2795 1621 2849 Genaunorum⁵
1673 2797 1918 2850 Conrado

79 2866 260 2935 copias
296 2867 431 2935 petit
467 2875 518 2919 et
553 2867 762 2936 accipit.

201 2997 241 3052 *)
275 3000 503 3051 Quomodo
538 3003 652 3042 enim
685 3005 801 3042 stare
839 3005 995 3054 potest,
1040 3013 1168 3054 quem
1201 3001 1404 3042 socordia
1446 3002 1683 3055 precipitat
1727 3001 1832 3042 adel.
1871 3003 1923 3052 1;

278 3061 435 3102 desunt
469 3060 594 3102 eciam
627 3061 748 3114 apud
788 3059 1085 3101 Tritkemium.

181 3163 218 3205 a)
241 3169 324 3204 post
349 3166 429 3198 add.
527 3165 567 3207 b)
595 3174 692 3205 quae
721 3168 752 3197 1.
785 3165 895 3198 Trich.
996 3164 1029 3205 c)
1051 3175 1098 3197 m.
1118 3169 1320 3206 componat
1340 3168 1372 3199 1.
1461 3164 1499 3207 d)
1526 3166 1568 3199 L.
1587 3175 1609 3198 a
1627 3167 1722 3199 duce
1750 3174 1868 3205 regno
1891 3168 1923 3198 1.

83 3210 120 3252 e)
148 3214 219 3253 pri,
245 3215 395 3255 ugonis,
421 3223 470 3247 ne
496 3215 589 3249 absc.
688 3213 715 3255 f)
743 3217 779 3247 te
809 3216 840 3246 1.

210 3303 254 3358 1)
286 3307 434 3348 Verba
459 3312 559 3349 sunt
581 3307 774 3357 Sallusti,
806 3306 936 3348 Catil.
957 3320 980 3346 c
1014 3306 1085 3346 44.
1192 3306 1239 3360 2)
1272 3308 1398 3348 Haec
1425 3307 1651 3349 Richerus.
1748 3304 1796 3359 3)
1826 3306 1922 3347 Sal-

84 3363 262 3406 lustium
305 3368 522 3419 imitatur,
560 3369 658 3421 Iug.
705 3381 742 3408 c.
779 3368 856 3417 15,
900 3368 972 3407 23.
1006 3366 1077 3407 24.
1216 3365 1263 3419 4)
1307 3367 1606 3418 Flodoardus,
1649 3367 1922 3419 Gerbergam

85 3426 284 3476 reginam
319 3428 492 3469 Ottonis
525 3428 734 3469 auxilium
767 3427 1039 3481 implorasse,
1074 3432 1236 3469 narrat.
1374 3426 1423 3483 5)
1469 3426 1639 3469 Galliae
1675 3425 1923 3479 Cisalpinae

88 3483 234 3529 Flod„
265 3485 312 3525 id
346 3492 412 3528 est
443 3489 739 3542 Burgundiae.
814 3488 1027 3539 Genauni,
1059 3487 1295 3529 Raetorum
1328 3487 1530 3542 populus,
1575 3500 1646 3541 ap.
1674 3488 1923 3538 Horatium,

90 3543 238 3586 Carm.
275 3545 349 3597 IV,
386 3547 454 3599 14,
488 3548 712 3602 leguntur3
748 3548 803 3589 cf.
837 3549 971 3589 Zeuss
1004 3561 1046 3601 p.
1082 3548 1185 3589 237.
