2240 3879
468 191 719 232 RICHERI
751 190 1166 232 HISTORIARUM
1197 190 1380 230 LIBER
1413 190 1447 230 I.
1856 189 1880 226 9

50 336 277 382 vestram
325 327 544 380 salutem
592 330 647 379 in
694 328 786 380 has
824 347 907 379 me
944 327 1180 378 miserias
1228 326 1555 394 precipitavi.
1630 327 1732 377 Pro
1773 344 1878 377 om-

50 401 194 450 nium
242 398 350 449 vita
396 405 599 449 tantum
654 397 942 467 periculum
996 395 1170 446 subire
1224 413 1328 445 non
1384 395 1591 462 expavi.
1669 395 1878 447 Grande

52 468 262 537 quidem
299 474 377 518 est
412 475 617 536 gestum
654 468 935 535 negotium,
994 464 1086 516 sed
1122 465 1288 514 maior
1325 472 1400 514 est
1436 464 1633 531 negotii
1669 464 1877 517 utilitas,

49 537 270 606 Regiam
306 538 629 588 maiestatem
665 555 748 587 me
772 535 982 586 laesisse
1010 532 1222 602 quidem
1245 551 1351 583 non
1376 531 1564 597 abnuo,
1603 531 1694 582 sed
1720 532 1881 585 multa

52 604 329 658 commoda
351 607 406 656 in
429 606 657 657 facinore
685 610 987 672 comparata
1011 620 1201 653 assero.
1278 601 1647 653 Consideretur
1662 610 1682 633 ³
1708 610 1880 653 aucto-

49 677 120 727 ris
166 675 383 741 animus,
435 674 875 726 animadvertatur
910 672 1067 723 etiam
1119 672 1323 722 futurab
1377 671 1624 722 facinoris
1668 671 1878 722 utilitas.

51 745 338 796 Tirannum
377 752 587 813 captum
623 750 790 793 metus
829 759 986 792 causa
1029 740 1352 808 baptismum
1390 741 1616 808 petiisse,
1663 739 1880 805 adverti,

50 832 288 883 eumque,
325 822 602 883 postquam
639 810 997 876 dimitteretur,
1049 809 1286 878 pluribus
1323 810 1524 860 iniuriis
1561 811 1731 860 vicem
1768 809 1881 860 red-

52 883 280 935 diturum
327 897 638 948 suorumque
686 888 913 949 stragem
951 880 1257 948 gravissime
1294 878 1537 930 ulturum.
1610 879 1673 929 In
1711 897 1882 947 quem,

52 954 175 1022 quia
210 951 411 1003 futurae
449 949 608 1000 cladis
648 967 805 1000 causa
839 950 983 1000 visus
1021 957 1121 1014 est,
1168 948 1363 999 ferrum
1415 949 1661 999 converti.
1734 949 1882 999 Haec

52 1029 131 1073 est
165 1023 268 1072 mei
315 1019 557 1070 facinoris
608 1035 779 1069 causa.
852 1018 1001 1069 Haec
1035 1036 1119 1069 me
1158 1017 1225 1069 ad
1264 1017 1430 1068 scelus
1468 1017 1689 1085 impulit.
1764 1018 1881 1068 Hoc

51 1090 117 1142 ob
155 1091 291 1158 regis
329 1106 643 1156 suorumque
683 1087 901 1139 salutem
938 1088 1137 1156 peregi.
1208 1087 1278 1138 Et
1315 1088 1514 1138 utinam
1563 1095 1728 1137 morte
1765 1106 1884 1138 mea

0 1217 1 1228 ἵ
48 1160 247 1228 patriae
295 1157 507 1208 libertas
560 1175 837 1226 rerumque
891 1156 1236 1225 tranquillitas
1290 1157 1700 1225 consequantur!
1778 1156 1882 1208 Sed

0 1271 1 1283 ,
49 1229 93 1279 si
131 1226 354 1293 occidor,
393 1225 458 1277 ob
504 1227 644 1294 regis
693 1228 1082 1296 primatumque
1133 1225 1351 1277 salutem
1402 1227 1602 1277 occisus
1648 1225 1882 1277 videbor.

0 1298 1 1326 ³
51 1295 258 1365 Cogitet
310 1297 414 1346 iam
463 1297 698 1365 quisque,
754 1315 821 1347 an
869 1314 964 1365 pro
1016 1295 1314 1346 huiusmodi
1351 1295 1591 1346 mercede
1630 1296 1713 1346 eih
1752 1294 1882 1345 mili-

46 1365 262 1418 tandum
301 1367 379 1429 sit,
419 1373 468 1415 et
505 1384 572 1416 an
608 1383 703 1434 pro
740 1365 843 1416 fide
883 1373 1085 1417 servata
1133 1365 1223 1416 tali
1271 1364 1578 1416 habendusc
1629 1366 1694 1415 sit
1738 1365 1883 1415 retri-

47 1434 274 1487 butione.
347 1434 488 1485 Ecce
527 1436 713 1503 capitis
752 1443 802 1485 et
827 1436 1054 1503 pectoris
1079 1434 1358 1502 laterisque
1384 1435 1613 1486 recentia
1639 1433 1881 1485 vulnera!

46 1504 233 1556 Patent
287 1503 678 1573 precedentium
733 1513 1030 1573 temporum
1088 1505 1352 1555 cicatrices
1414 1504 1740 1573 dispersique
1789 1522 1884 1571 per

46 1573 246 1642 reliqua
283 1575 514 1642 corporis
540 1573 778 1624 membra
801 1573 1005 1625 livores,
1081 1574 1317 1638 Quorum
1355 1573 1577 1624 assiduis
1617 1572 1882 1625 doloribus

48 1643 311 1694 confectus
328 1644 364 1709 (¹,
417 1642 547 1693 nihil
594 1651 715 1712 post
751 1650 827 1694 tot
862 1642 999 1693 mala
1035 1644 1136 1693 nisi
1173 1651 1394 1693 mortem
1431 1642 1687 1693 malorum
1724 1643 1882 1693 finem

48 1715 327 1781 exspecto'.
400 1712 552 1776 Quae
592 1713 959 1781 conquestione
998 1711 1126 1763 alios
1159 1713 1226 1763 ad
1262 1711 1668 1763 benivolentiam
1704 1713 1879 1778 traxit,

47 1781 176 1833 alios
211 1799 334 1833 vero
373 1781 441 1832 ad
475 1781 718 1832 lacrimas
748 1781 972 1849 impulit.
1045 1781 1199 1833 Unde
1227 1789 1277 1832 et
1300 1781 1489 1833 milites
1516 1799 1612 1850 pro
1639 1800 1698 1832 eo
1725 1800 1882 1850 agen-

45 1859 137 1916 tes,
175 1869 354 1919 regem
380 1850 674 1902 demulcent
699 1859 749 1901 et
774 1851 841 1902 ad
867 1852 1074 1919 pietatis
1103 1850 1431 1901 clementiam
1469 1850 1714 1918 suadent,
1752 1850 1881 1901 nihil

46 1921 159 1988 regi
190 1919 436 1989 prodesse
462 1928 764 1986 asserentes,
805 1921 848 1970 si
874 1938 1085 1970 suorum
1123 1921 1414 1988 *quispiam
1439 1920 1680 1986 intereat,
1718 1921 1879 1971 immo

46 1991 100 2039 in
136 1990 327 2040 tiranni
365 1991 622 2040 occisione
659 1989 1012 2058 gaudendum,
1049 1988 1133 2040 vel
1171 1991 1293 2058 quia
1328 1990 1466 2040 vitae
1510 1989 1660 2040 datus
1707 1991 1786 2056 sit,
1838 1991 1880 2040 si

44 2057 213 2109 fidelis
250 2058 487 2125 decessit,
537 2058 621 2110 vel
659 2060 781 2128 quia
817 2059 927 2109 eius
972 2058 1191 2110 insidiae
1238 2060 1446 2127 penitus
1491 2058 1787 2125 defecerint,
1837 2061 1880 2110 si

45 2129 100 2178 in
137 2127 254 2179 dolo
292 2128 614 2196 baptismum
665 2129 966 2195 susceperit.
1040 2128 1245 2193 Quibus
1282 2146 1377 2178 rex
1414 2129 1644 2179 animum
1681 2137 1879 2198 tempe-

44 2216 181 2263 ranS,
218 2198 470 2249 tumulato
518 2197 760 2263 barbaro,
807 2199 1062 2266 Ingonem
1099 2199 1154 2248 in
1191 2199 1358 2266 gratia
1394 2199 1626 2249 resumit.
1699 2198 1769 2249 Et
1804 2200 1879 2249 in-

46 2285 203 2335 super
241 2276 466 2318 castrum
504 2267 644 2336 quod
679 2267 925 2318 Blesuml
959 2266 1150 2318 dicitur
1186 2268 1233 2318 ei
1268 2266 1552 2318 liberaliter
1588 2285 1879 2319 accommo-

45 2335 148 2402 dat,
187 2354 247 2386 eo
287 2336 427 2405 quod
450 2338 495 2387 is
523 2338 612 2404 qui
638 2338 792 2388 castri
826 2335 1117 2388 custodiam
1149 2335 1342 2405 agebat
1377 2338 1431 2386 in
1466 2336 1602 2388 bello
1641 2338 1877 2405 pyratico

47 2407 249 2456 occisus
287 2413 436 2456 esset.
507 2405 637 2456 Eius
676 2424 882 2475 quoque
930 2424 1152 2457 uxorem
1202 2405 1501 2457 derelictam
1551 2406 1686 2457 dono
1732 2408 1877 2475 regio

45 2474 101 2523 in
135 2474 464 2524 matrimonio
490 2473 654 2542 Ingob
694 2475 795 2525 sibi
833 2474 1148 2544 accopulatf.
1220 2476 1379 2544 Regis
1417 2475 1606 2525 exinde
1644 2492 1705 2525 ac
1740 2477 1879 2543 prin-

47 2543 224 2610 cipum
279 2544 448 2611 gratia
492 2542 776 2594 admodum
822 2563 961 2609 usus,
1016 2562 1266 2612 prospere
1317 2562 1378 2594 ac
1433 2543 1650 2594 feliciter
1705 2546 1879 2594 onmia

46 2610 276 2680 gerebat.
337 2611 534 2662 Verum
571 2611 625 2662 id
661 2613 716 2662 in
751 2611 914 2663 brevi.
985 2614 1122 2664 Nam
1157 2613 1431 2664 vulnerum
1468 2614 1637 2663 sanies
1674 2612 1809 2664 male
1848 2633 1878 2664 a

46 2681 265 2748 cirurgis
303 2688 588 2749 amputata,
639 2698 756 2731 cum
794 2681 889 2732 sub
925 2683 1144 2733 recutita
1192 2681 1466 2750 superficie
1510 2690 1767 2733 tumorem
1804 2684 1877 2733 in-

43 2750 297 2801 trinsecus
326 2758 640 2818 operaretur,
678 2751 840 2801 nimio
868 2750 1099 2802 humoris
1124 2752 1461 2802 reumatismo
1488 2750 1639 2820 plusb
1665 2751 1876 2803 biemiio

42 2826 264 2870 vexatus
279 2828 316 2885 g,
353 2821 406 2869 in
442 2817 635 2870 lectum
672 2818 878 2871 decidit.
933 2819 1087 2871 Unde
1125 2828 1174 2870 et
1210 2819 1484 2871 intercluso
1522 2829 1753 2872 reimiate
1790 2839 1878 2890 pe-

44 2889 181 2939 nitus
219 2889 478 2939 intumuit.
542 2887 732 2958 Sicque
769 2897 876 2940 toto
916 2887 1197 2958 erisipilato
1236 2906 1466 2957 corpore,
1492 2891 1654 2942 vitam
1687 2891 1875 2955 amisit,

47 2956 325 3009 Gerlonem
349 2957 513 3008 filium
539 2976 760 3026 parvum
787 2959 1115 3027 superstitem
1146 2957 1457 3027 relinquens.
1532 2959 1635 3024 Qui
1660 2959 1726 3011 ab
1753 2978 1878 3029 rege

43 3027 201 3078 tutori
238 3028 560 3093 commissus,
599 3029 971 3096 patrimonium
1009 3045 1124 3078 cum
1163 3036 1326 3079 matre
1363 3029 1609 3097 possedit.

142 3169 178 3211 a)
207 3179 296 3210 ergo
323 3171 387 3202 dez.
462 3168 501 3211 b)
523 3175 605 3210 post
632 3171 713 3202 add.
791 3169 824 3212 c)
852 3170 888 3202 h.
905 3179 934 3200 s.
955 3178 994 3201 re
1023 3179 1039 3200 e
1060 3179 1151 3201 corr.
1230 3170 1266 3212 d)
1294 3172 1332 3202 in
1358 3181 1468 3212 marq.
1498 3172 1590 3209 add„
1618 3178 1699 3211 post
1727 3181 1742 3202 e
1768 3181 1877 3211 corr.,

44 3221 102 3250 tot
126 3219 237 3250 malis
265 3221 435 3251 confecto
461 3228 554 3252 corr.
582 3223 637 3252 tot
662 3219 773 3251 mala.
876 3217 910 3259 e)
941 3218 1021 3256 Que
1050 3221 1331 3258 conquestionis
1358 3222 1415 3251 vis
1442 3230 1532 3252 corr.
1560 3220 1605 3258 Q.
1636 3230 1665 3253 e.
1758 3220 1785 3261 f>
1821 3229 1877 3251 co—

46 3267 151 3307 pulat
178 3269 212 3301 1.
311 3269 348 3308 g)
377 3271 465 3299 voto
491 3268 557 3302 del.

167 3375 213 3431 1)
245 3377 380 3419 Blois.

1899 339 1982 372 892.

1898 1944 2046 1980 ‘f01.5.
