2240 3879
97 1236 162 1280 ⁸1).
193 1238 275 1271 617.

296 257 381 296 100
700 250 956 293 RIOHERI
988 251 1409 292 HISTORIARUM
1440 252 1624 292 LIBER
1655 251 1743 294 ΙΙΙ.

294 412 355 445 ac
393 393 512 444 miri
532 391 728 461 eloquii
763 391 859 457 vir,
898 409 1001 460 quo
1039 389 1382 460 postmodum
1418 398 1530 441 tota
1556 389 1745 457 Gallia,
1771 391 1912 442 acsia
1936 391 2152 444 lucerna

292 461 509 515 ardente
575 460 909 513 vibrabunda
961 459 1215 515 refulsit&
1305 459 1411 524 Qui
1465 459 1765 529 Aquitanus
1812 479 2034 529 genere,
2094 463 2152 513 in

294 532 584 584 coenobio2
625 533 793 583 sancti
832 529 1145 581 confessoris
1189 528 1408 580 Geroldi
1446 548 1478 580 a
1514 548 1680 598 puero
1719 529 1854 582 altus
1893 539 1946 582 et
1977 550 2151 600 gram-

293 603 488 654 matica
533 601 749 652 edoctus
789 608 883 651 est.
957 601 1020 650 In
1068 617 1170 669 quo
1217 607 1401 668 utpote
1447 598 1752 651 adolescens
1808 618 1930 651 cum
1979 600 2152 653 adhuc

292 673 524 723 intentus
562 678 871 734 moraretur,
921 668 1253 720 Borrellumh
1306 669 1562 720 citerioris
1609 669 1904 738 Hispaniae
1959 670 2150 722 ducem

295 741 480 793 orandi
517 740 685 808 gratia
723 739 789 790 ad
827 738 969 789 idem
1008 737 1322 790 coenobium
1370 739 1590 806 contigit
1638 738 1930 791 devenisse.
2007 740 2151 804 Quic

295 830 326 863 a
363 810 467 862 loci
511 808 703 861 abbate
749 808 1125 860 humanissime
1174 816 1456 876 exceptus,
1507 816 1630 876 post
1679 826 1947 860 sermones
1997 818 2149 879 quot-

294 877 471 945 libetd,
509 897 578 929 an
614 880 668 928 in
705 877 908 929 artibus
944 878 1164 946 perfecti
1200 879 1256 928 in
1282 878 1557 947 Hispaniis
1594 876 1936 945 habeanturss,
1976 880 2150 930 scisci-

293 959 450 1001 tatur.
526 948 686 1013 Quod
724 966 844 998 cum
882 949 1277 1017 promptissime
1316 956 1587 1013 assereret,
1627 949 1675 999 ei
1712 966 1841 1000 mox
1865 946 1933 999 ab
1959 947 2152 1001 abbate

294 1037 607 1088 persuasum
657 1027 749 1083 est,
798 1026 856 1069 ut
902 1036 1116 1068 suorum
1162 1017 1391 1087 aliquem
1431 1018 1725 1087 susciperet
1774 1036 2061 1088 secumque
2096 1019 2152 1069 in

295 1090 494 1141 artibus
533 1087 831 1139 docendum
871 1087 1102 1139 duceret.
1176 1088 1309 1138 Dux
1333 1089 1512 1158 itaque
1537 1106 1643 1139 non
1668 1087 1921 1154 abnuens,
1952 1088 2154 1157 petenti

294 1158 581 1211 liberaliter
617 1158 748 1209 favit
785 1175 847 1208 ac
881 1157 1104 1208 fratrum
1153 1175 1410 1209 consensu
1449 1156 1771 1209 Gerbertum
1820 1165 2152 1227 assumptum

295 1228 451 1280 duxit
511 1238 668 1298 atque
723 1227 945 1278 Hattoni
1003 1265 1122 1278 .....
1141 1227 1157 1260 f
1208 1228 1492 1296 episcopo3
1563 1228 1959 1279 *instruendum
2015 1245 2152 1278 com-

293 1300 451 1350 misit.
525 1296 687 1367 Apud
728 1316 884 1366 quem
922 1298 1082 1348 etiam
1118 1297 1173 1347 in
1211 1297 1433 1348 mathesi
1469 1296 1755 1366 plurimum
1792 1306 1843 1349 et
1868 1297 2153 1349 efficaciter

294 1368 510 1419 studuit.
585 1367 691 1419 Sed
730 1386 851 1418 cum
889 1367 1159 1418 Divinitas
1201 1366 1430 1418 Gallia-m
1467 1370 1574 1418 iam
1613 1367 1930 1436 caligantem
1957 1385 2150 1436 magno

290 1437 488 1489 lumine
536 1436 769 1489 relucere
807 1436 1000 1503 voluit,
1051 1437 1302 1505 predictis
1350 1437 1474 1488 duci
1522 1445 1574 1488 et
1622 1439 1875 1507 episcopo
1921 1445 2153 1489 mentem

293 1508 452 1573 dedit,
503 1516 561 1558 ut
597 1508 823 1557 Romam
874 1509 1072 1557 oraturi
1121 1514 1377 1575 peterent.
1458 1508 1771 1577 Paratisque
1820 1507 2149 1574 necessariis,

291 1578 390 1628 iter
438 1584 660 1644 carpunt
707 1593 769 1625 ac
813 1574 1203 1627 adolescentem
1251 1576 1593 1627 commissum
1644 1595 1826 1627 secum
1864 1575 2149 1628 deducunt.

290 1646 421 1698 Inde
476 1645 679 1697 Urbem
734 1646 975 1713 ingressi,
1025 1654 1146 1714 post
1201 1663 1384 1714 preces
1440 1653 1561 1696 ante
1616 1654 1825 1698 sanctos
1880 1645 2149 1715 apostolos

292 1716 531 1782 effusasg,
589 1715 776 1766 beatae
825 1715 1207 1766 recordationis
1256 1723 1489 1784 papam4
1529 1754 1748 1768 .....
1761 1717 1783 1749 ¹¹
1836 1716 2032 1768 adeunt
2086 1734 2150 1767 ac

293 1805 407 1838 sese
457 1787 505 1836 ei
560 1784 812 1851 indicant,
871 1785 1120 1855 quodque
1165 1786 1339 1836 visum
1390 1794 1468 1837 est
1515 1786 1580 1837 de
1631 1805 1726 1837 suo
1773 1785 2149 1838 iocundissime

291 1856 613 1925 impertiunt.

552 1955 634 2005 44.
693 1955 852 2019 Quod
888 1954 1042 2006 Attoi
1081 1955 1282 2006 Romae
1322 1957 1583 2007 moratusi
1621 1955 1887 2007 decessiti.

431 2039 542 2090 Nec
596 2038 746 2090 latuit
800 2057 996 2108 papam
1058 2039 1407 2092 adolescentis
1467 2040 1728 2092 industria
1782 2040 2044 2110 simulque
2100 2047 2152 2091 et

293 2108 529 2160 discendi
566 2108 828 2159 voluntas
915 2108 985 2160 Et
1032 2112 1154 2178 quia
1205 2112 1409 2161 musica
1460 2120 1512 2162 et
1548 2111 1871 2162 astronomia
1906 2111 1961 2161 in
1995 2109 2150 2162 Italia

292 2188 418 2229 tunc
467 2179 678 2248 penitus
733 2178 1127 2248 ignorabantur,
1178 2198 1306 2230 mox
1353 2198 1495 2249 papa
1545 2180 1731 2231 Ottoni
1777 2181 1893 2248 regi
1932 2179 2151 2231 Germa-

291 2249 408 2298 niae
470 2257 521 2299 et
580 2247 762 2299 Italiae
822 2257 952 2316 pere
1014 2247 1282 2318 legatume
1344 2250 1614 2316 indicavit,
1668 2249 1795 2301 illuc
1844 2249 2151 2301 huiusmodi

291 2317 568 2369 advenisse
620 2318 901 2383 iuvenem,
960 2320 1051 2388 qui
1105 2319 1382 2371 mathesim
1434 2321 1631 2389 optime
1686 2327 1868 2371 nosset
1921 2337 2150 2389 suosque

292 2396 500 2439 strenue
540 2387 728 2439 docere
765 2386 978 2439 valeret.
1050 2388 1180 2440 Mox
1207 2391 1366 2441 etiam
1392 2389 1458 2441 ab
1487 2408 1612 2458 rege
1637 2408 1809 2459 papae
1840 2396 2149 2458 suggestum

291 2464 384 2522 est,
434 2465 492 2507 ut
527 2458 775 2508 iuvenem
824 2459 1072 2510 retineret
1118 2458 1426 2529 nullumque
1477 2459 1813 2528 regrediendi
1859 2459 2063 2511 aditum
2101 2460 2151 2511 ei

290 2525 395 2577 ullo
445 2527 603 2578 modo
654 2528 911 2596 preberet.
988 2527 1095 2580 Sed
1144 2540 1193 2580 et
1239 2528 1363 2580 duci
1412 2538 1571 2599 atque
1622 2530 1891 2599 episcopo,
1942 2530 2034 2599 qui
2080 2527 2148 2581 ab

292 2596 567 2665 Hispaniis
606 2607 978 2663 convenerant,
1016 2616 1048 2648 a
1084 2617 1227 2668 papa
1252 2599 1639 2652 modestissime
1664 2599 1930 2666 indicitur,
1967 2618 2151 2668 regem

291 2664 424 2717 velle
463 2665 565 2717 sibi
609 2668 854 2719 iuvenem
901 2667 970 2718 ad
1019 2677 1230 2738 tempus
1278 2670 1519 2735 retinere,
1571 2688 1633 2721 ac
1685 2688 1792 2721 non
1829 2668 1994 2721 multo
2031 2678 2156 2739 post

295 2754 414 2786 eum
453 2747 597 2787 sesee
638 2755 757 2787 cum
806 2736 1005 2790 honore
1055 2740 1426 2806 remissurum3
1482 2741 1701 2808 insuper
1747 2740 1906 2792 etiam
1955 2739 2153 2809 gratias

292 2805 415 2855 inde
452 2815 993 2874 recompensaturum.
1065 2808 1254 2879 Itaque
1292 2809 1416 2861 duci
1453 2827 1515 2860 ac
1555 2811 1806 2879 episcopo
1844 2810 1901 2861 id
1937 2827 2154 2879 persua-

294 2892 409 2924 sum
459 2883 551 2941 est,
599 2886 676 2941 ut,
718 2876 818 2928 hoc
862 2885 1017 2947 pacto
1060 2879 1288 2931 iuvenek
1339 2879 1573 2945 dimisso,
1612 2880 1717 2949 ipsi
1766 2881 1823 2930 in
1859 2879 2152 2949 Hispanias

293 2944 392 2995 iter
428 2953 804 3014 retorquerent.
887 2948 1102 3000 Iuvenis
1151 2949 1314 3018 igitur
1359 2948 1502 3019 apud
1550 2967 1748 3018 papam
1794 2948 2027 3015 relictus,
2083 2950 2152 3002 ab

295 3031 356 3064 00
405 3015 520 3082 regi
577 3014 780 3066 oblatus
836 3025 928 3069 est.
1030 3017 1136 3083 Qui
1191 3019 1257 3070 de
1312 3028 1423 3071 arte
1478 3020 1598 3070 sual
1653 3020 2034 3090 interrogamS,
2095 3019 2154 3070 in

392 3146 428 3188 a)
455 3157 497 3180 ac
528 3152 558 3180 1.
662 3150 698 3189 b)
729 3152 925 3184 Borrellus
957 3171 993 3176 —-
1027 3153 1104 3185 dux
1135 3173 1176 3178 —
1205 3163 1236 3187 c.
1266 3155 1421 3187 devenit
1450 3157 1481 3188 1.
1594 3153 1628 3196 c)
1658 3154 1731 3193 Qui
1759 3165 1844 3187 cum
1873 3156 1906 3186 1.
2009 3152 2046 3195 d)
2076 3163 2154 3186 mu-

292 3201 376 3227 tuos
408 3199 440 3229 1.
543 3196 577 3237 e)
603 3203 684 3236 pose
712 3201 793 3231 add.
896 3200 925 3242 f)
955 3202 1051 3232 locus
1078 3212 1212 3234 vacuus
1238 3205 1390 3236 relictus,
1494 3202 1531 3244 g)
1561 3204 1664 3235 fusas
1691 3207 1722 3236 l.
1825 3202 1864 3244 h)
1893 3204 1992 3236 locus
2006 3212 2154 3239 vacuus,

293 3246 320 3284 i)
350 3249 415 3285 tto,
445 3255 563 3287 mora,
591 3256 606 3276 s
634 3248 726 3278 absc.
823 3247 862 3288 k)
889 3251 1065 3283 iuvenem
1094 3253 1286 3284 dimittant
1312 3254 1461 3293 ipsique
1489 3276 1497 3283 .
1527 3278 1535 3285 .
1567 3279 1575 3286 .
1605 3255 1853 3293 retorqueant
1882 3254 1916 3286 1.
2014 3251 2044 3294 1)
2071 3255 2154 3284 arte

295 3293 380 3335 (sua
406 3294 518 3336 absc.)
546 3297 585 3326 in
612 3305 727 3335 mary.

419 3381 464 3433 1)
501 3382 567 3422 Cf.
600 3384 858 3435 praesertim
878 3385 1119 3439 Biidinger‚
1156 3388 1319 3428 ‘Ueber
1357 3387 1567 3429 Gerberts
1602 3387 2026 3430 wissenschaftliehe
2060 3389 2153 3430 und

294 3441 542 3494 politische
563 3442 795 3496 Stellung'.
839 3444 968 3486 Kass.
1006 3447 1136 3488 1851.
1263 3448 1310 3500 2)
1343 3448 1554 3498 Aurillac‚
1587 3449 1634 3488 in
1665 3448 1945 3501 praefectura
1978 3449 2152 3491 Cantal.

294 3500 342 3602 ἒ)
386 3503 648 3605 ἲυὲοηεῃᾶεζ
803 3505 851 3558 4)
900 3507 1145 3549 Iohannem
1193 3510 1325 3559 XIII,
1376 3510 1451 3562 qui
1499 3510 1624 3550 annis
1673 3509 1776 3559 965,
1822 3511 1922 3552 Oct.
1959 3533 2014 3541 -
2049 3510 2152 3561 972,

334 3575 385 3614 ep
410 3593 419 3602 .
486 3593 495 3604 .
530 3578 575 3605 se
615 3580 662 3607 1.
