2240 3879
529 200 777 240 RICHERI
813 200 1226 241 HISTORIARUM
1260 200 1440 239 LIBER
1468 202 1502 239 I.
1882 203 1934 240 37

101 335 242 404 apud
285 354 481 404 regem,
536 338 880 405 prodentibus
932 338 1011 387 sui
1062 336 1186 387 facti
1225 337 1458 398 consciis,
1500 340 1768 389 convictus
1785 348 1819 403 ³,
1861 354 2034 390 er-931.

100 403 306 472 gastulo
344 406 686 474 mancipatur.
763 407 879 470 Quo
917 415 1144 474 peracto,
1195 423 1224 454 a
1262 406 1491 473 pernicie
1531 405 1796 457 Heribcrti
1834 427 1936 458 non

100 473 374 530 desistens,
414 474 640 542 Hugone
677 476 855 538 ascito,
897 492 1014 524 cum
1052 473 1188 524 &ooo
1213 473 1528 523 Laudunum
1566 478 1777 542 appetit.
1830 477 1935 528 Ubi

100 559 214 592 cum
242 541 554 594 Heribertus
592 543 755 595 multa
793 544 1062 595 obsidione
1099 551 1387 609 urgeretur,
1427 543 1727 605 egrediendi
1765 544 1936 595 locum

99 609 165 661 ab
203 629 326 679 rege
363 612 614 680 postulat,
666 631 726 665 eo
766 613 906 681 quod
944 612 1122 680 copias
1158 610 1382 662 militum
1421 612 1762 680 ciborumque
1801 614 1936 663 suffi-

100 680 293 731 cientes
330 699 435 731 non
473 681 702 733 haberet.
777 682 895 745 Quo
929 681 994 731 ab
1021 698 1143 748 rege
1172 679 1397 745 obtento,
1438 698 1554 730 cum
1584 682 1689 731 suis
1718 682 1783 732 ab
1810 681 1937 733 urbe

99 750 284 815 exivit3
335 769 555 801 uxorem
599 752 652 800 in
698 769 818 801 arce
866 768 1022 819 quam
1073 758 1404 800 exstruxerat
1455 748 1768 819 relinquens,
1819 769 1936 801 cum

99 819 265 887 copiis
321 838 433 871 sese
490 819 869 870 subventurum
923 820 978 868 in
1025 819 1268 886 proximo
1318 828 1474 869 ratus.
1547 819 1663 870 Rex
1717 838 1938 870 vacuam

96 888 280 939 urbem
318 889 582 956 ingressus
622 887 873 957 dolosque
911 890 1119 957 penitus
1157 887 1448 952 advertens,
1488 906 1659 939 arcem
1695 888 1938 940 diuturna

97 959 489 1025 expugnatione
525 965 686 1008 vexat
722 975 943 1026 eamque
996 957 1399 1025 circumquaque
1439 956 1595 1008 vallat
1631 975 1691 1007 ac
1731 975 1933 1008 omnem

99 1026 402 1092 egrediendi
457 1025 658 1076 aditum
715 1025 975 1091 obcludit3
1030 1044 1264 1094 pugnam
1316 1027 1516 1077 diutina
1567 1029 1936 1095 congressione

96 1094 367 1146 adhibens.
438 1095 510 1145 At
563 1103 706 1146 tanto
765 1096 1047 1147 certamine
1102 1096 1239 1146 vires
1293 1097 1642 1146 resistentium
1692 1097 1935 1164 impares,

96 1165 254 1214 armis
293 1163 559 1232 depositis,
597 1164 790 1215 cedunt
827 1182 889 1215 ac
925 1182 1022 1233 pro
1048 1166 1160 1215 vita
1185 1163 1497 1232 supplicant.
1572 1165 1616 1215 T
1620 1167 1789 1216 iranni
1813 1184 1935 1216 vero

95 1250 230 1283 uxor
280 1232 435 1283 simul
481 1234 644 1297 victa,
698 1252 794 1303 pro
834 1253 889 1286 se
924 1234 1151 1302 petitura
1187 1234 1253 1284 ad
1300 1252 1477 1302 regem
1519 1252 1638 1284 cum
1678 1235 1783 1285 suis
1821 1253 1937 1303 pro—

94 1311 260 1369 perat,
311 1320 485 1353 arcem
528 1302 754 1354 reddens
803 1322 864 1355 ac
915 1303 1213 1369 egrediendi
1266 1311 1466 1354 tantum
1515 1303 1688 1354 locum
1737 1315 1934 1372 petens.

93 1372 211 1423 Rex
234 1389 357 1423 vero
388 1371 637 1423 feminam
673 1373 896 1424 retinere
934 1373 1240 1441 dedignans,
1282 1391 1399 1423 cum
1440 1373 1545 1423 suis
1585 1372 1787 1440 digredi
1823 1392 1935 1441 per-

94 1442 238 1492 misit
273 1458 333 1491 ac
370 1459 543 1492 arcem
582 1442 772 1493 exinde
809 1460 928 1493 cum
967 1442 1094 1494 urbe
1134 1443 1372 1494 obtinuit.

186 1539 268 1592 63.
331 1540 665 1592 Interfectioh
703 1540 964 1592 Adelelmi
1003 1542 1243 1592 comitisb
1282 1560 1312 1591 a
1349 1540 1577 1609 quodam
1617 1541 1841 1591 clericob

314 1610 642 1679 episcopium
680 1610 1070 1661 Noviomenseb
1109 1611 1424 1679 expetenteh
1463 1609 1714 1660 seductib.

230 1693 339 1745 Ubi
391 1702 671 1763 postquam
721 1693 841 1745 urbi
888 1693 1111 1745 tuendae
1161 1696 1456 1745 necessaria
1503 1693 1812 1759 ordinavit*,
1869 1694 1932 1744 de
1951 1703 2032 1734 ⁰32-

95 1763 363 1831 episcopio
403 1764 588 1814 etiamc
626 1763 967 1814 Noviomensi
1006 1764 1089 1814 cui
1127 1774 1262 1815 esset
1310 1763 1542 1814 dandum
1592 1762 1930 1827 deliberabat,

93 1849 212 1881 cum
263 1840 387 1882 tunc
435 1832 711 1901 Ayrardus
767 1833 1048 1901 episcopus
1105 1832 1312 1883 obisset.
1385 1833 1562 1883 Namd
1602 1832 2113 1883 *walbertus‘p-sse.

94 1899 491 1952 Oorbeiensium
527 1900 691 1952 abbas
730 1903 777 1952 ei
815 1901 1092 1953 succedere
1129 1902 1452 1969 petebature,
1491 1903 1571 1951 vir
1608 1909 1846 1952 strenuus
1874 1918 1933 1951 ac

19 2012 22 2015 .
90 1968 320 2021 liberalis
358 1979 409 2021 et
446 1971 530 2020 cui
566 1971 723 2022 totius
761 1970 965 2021 honesti
1010 1971 1168 2021 decus
1216 1970 1499 2021 admodum
1539 1969 1751 2038 placuit.
1824 1969 1934 2020 Nec

91 2039 263 2089 minus
301 2048 352 2090 et
387 2039 654 2107 predictae
690 2039 835 2090 urbis
875 2040 1123 2108 quidamc
1163 2038 1380 2091 clericus
1419 2039 1485 2090 ab
1523 2057 1646 2107 rege
1685 2056 1797 2090 sese
1822 2039 1934 2090 fieri

93 2125 445 2159 successorem
492 2107 807 2176 postulabat,
857 2110 936 2159 vir
984 2108 1256 2173 barbarus,
1311 2126 1470 2159 manu
1519 2118 1675 2177 atque
1724 2108 1934 2160 audatia

91 2177 299 2243 nimius,
351 2185 402 2228 et
438 2178 520 2228 cui
558 2177 767 2229 solitum
806 2186 916 2229 erat
951 2197 1126 2228 rerum
1164 2177 1452 2228 alienarum
1491 2177 1936 2245 smreptionibuss

90 2245 288 2300 laetari.
364 2247 498 2298 *Hic
533 2246 600 2298 ab
636 2266 759 2315 rege
797 2246 1106 2316 civibusque
1141 2246 1393 2312 abiectus,
1434 2265 1523 2298 cor
1548 2247 1613 2298 ad
1639 2246 1786 2297 dolos
1816 2262 2012 2298 con-foi.
2044 2261 2116 2304 14¹,

90 2317 260 2367 vertit.
333 2315 664 2368 Adelelmum
718 2318 896 2386 itaque
951 2317 1411 2368 Atrabatensiumc
1468 2317 1727 2381 comitem,
1783 2317 1930 2366 cuius
1981 2366 1987 2371 ,

92 2402 243 2435 casus
269 2402 528 2436 merorem
554 2385 731 2436 multis
758 2387 990 2451 incussit,
1022 2385 1327 2437 seducturus
1354 2387 1499 2454 petit,
1539 2386 1649 2436 eius
1675 2384 1932 2434 auxilium

93 2452 402 2521 suppliciter
449 2462 630 2522 petens
677 2464 777 2505 acg
827 2473 978 2505 suum
1037 2453 1310 2522 pollicens3
1367 2473 1479 2506 sese
1528 2453 1593 2504 ab
1643 2472 1765 2522 rege
1816 2471 1932 2503 con-

91 2530 347 2590 temptum
384 2523 591 2591 penitus
624 2525 982 2591 supprimens:
1023 2522 1127 2586 ‘Siss
1166 2525 1350 2592 inquit,
1389 2529 1499 2591 ‘per
1524 2533 1573 2574 te
1600 2524 1932 2591 episcopatus

92 2591 346 2659 dignitate
396 2592 581 2659 potiar,
626 2610 721 2660 per
757 2610 840 2642 me
878 2592 1161 2643 efficaciter
1200 2595 1475 2643 comitatus
1512 2591 1762 2642 honorem
1813 2608 1930 2641 con-

20 2661 26 2668 ’
93 2661 339 2730 sequeris.
417 2660 570 2724 Quod
609 2663 763 2711 etiam
804 2662 877 2710 sic
915 2660 1028 2711 fieri
1073 2659 1292 2725 valebit,
1350 2662 1393 2711 si
1448 2670 1734 2711 nocturnus
1790 2659 1932 2710 urbis

92 2747 271 2780 muros
298 2730 618 2781 conscendas
646 2738 710 2795 et,
748 2747 831 2780 me
858 2730 1074 2780 interius
1100 2738 1430 2798 procurante,
1468 2738 1582 2780 tuos
1617 2728 1930 2780 introducas.

91 2797 207 2867 Ego
248 2799 405 2850 etiam
444 2817 564 2849 cum
602 2798 838 2868 pluribus
878 2798 1052 2850 adero.
1128 2797 1449 2868 Collectique
1499 2799 1552 2848 in
1601 2799 1808 2866 agmine
1853 2817 1933 2848 ur-

92 2865 212 2919 bem
260 2868 624 2935 pervademus.
697 2867 882 2936 Itaque
938 2867 1040 2932 fiet,
1097 2876 1154 2917 ut
1204 2868 1343 2918 cives
1393 2876 1483 2919 aut
1528 2869 1797 2936 capiamus
1844 2877 1933 2917 aut

92 2938 489 3006 propulsemus’,
564 2938 770 2988 Horum
809 2935 1110 2986 Adelehnus
1158 2936 1414 3002 credulus,
1465 2936 1617 2987 dictis
1667 2936 1931 2987 suadentis

91 3007 246 3058 favet.
324 3005 504 3057 Scelus
562 3025 686 3075 ergo
743 3013 1162 3073 attemptaturus,
1222 3006 1407 3057 urbem
1467 3014 1750 3056 nocturnus
1813 3023 1930 3056 cum

213 3139 252 3194 ²⁸)
286 3141 372 3182 Ubi
408 3151 511 3181 cum·
537 3154 614 3180 rex
646 3141 744 3180 urbi
776 3139 967 3179 tuendae
1002 3142 1252 3179 necessaria
1295 3140 1516 3180 ordinaret
1560 3153 1612 3179 ac
1656 3142 1700 3178 in
1744 3140 1931 3192 predicti

289 3202 449 3240 tiranni
481 3201 628 3240 labem
662 3200 750 3239 alia
784 3201 898 3252 (post
922 3198 1048 3250 add.)
1084 3200 1201 3253 apud
1237 3201 1470 3253 Hugonem
1507 3201 1758 3253 disponeret
1790 3212 1841 3238 ac
1876 3199 1928 3237 de

290 3275 358 3314 ep.
394 3284 445 3290 ——
485 3261 750 3300 deliberaret
783 3267 856 3300 etc.
895 3261 931 3300 1.

189 3379 226 3421 a)
256 3390 287 3414 e.
326 3381 605 3414 rationabiliter
644 3381 837 3412 convictus
867 3381 897 3412 1.
1006 3378 1044 3419 b)
1076 3381 1160 3419 ctio,
1202 3381 1310 3421 comi,
1350 3381 1453 3419 cleri,
1495 3381 1571 3419 vio,
1606 3384 1730 3418 peten.
1769 3378 1795 3408 ti
1837 3377 1929 3407 absc.

95 3425 128 3468 c)
151 3433 234 3467 post
260 3430 341 3462 add.
470 3428 506 3469 d)
536 3438 552 3460 e
579 3439 671 3461 corr.
801 3427 834 3469 c)
862 3427 1114 3469 peteret(ur?)
1158 3429 1188 3460 l.
1320 3426 1348 3468 1)
1379 3429 1616 3467 surreptione
1647 3429 1676 3459 l.
1803 3424 1839 3465 g)
1868 3426 1928 3456 illi

92 3477 207 3508 etiam
235 3479 252 3509 1
262 3501 270 3509 .
