2240 3879
509 213 759 254 RICHERI
793 211 1210 253 HISTORIARUM
1242 212 1424 251 LIBER
1457 211 1544 251 ΙΙΙ.
1898 212 1954 250 99

116 371 256 404 mam
293 370 388 420 per
425 369 486 402 ea
523 352 774 402 auferant.
847 350 929 400 Ea
966 349 1104 399 enim
1143 348 1217 397 sic
1254 355 1368 397 arta
1392 346 1628 412 induunt,
1666 356 1724 398 ut
1756 348 1955 417 cippati
1973 361 2057 392 972.

116 441 249 491 pene
287 420 656 488 impediantur.
729 420 791 470 In
829 417 1018 488 quibus
1045 417 1201 468 etiam
1227 424 1395 466 rostra
1422 425 1765 484 componunt3
1804 435 1957 468 aures

114 492 271 542 hinca
307 489 430 540 inde
468 490 689 558 erigunt.
739 488 811 539 Et
845 506 909 538 ne
945 485 1172 549 folleant,
1211 485 1437 552 magnob
1478 503 1634 553 opere
1672 484 1956 536 elaborant.

115 560 189 612 Ut
224 559 434 611 luceant
472 576 698 628 quoque,
737 555 946 608 famulis
985 554 1206 605 consciis
1242 554 1513 605 indicunt'.

425 673 508 724 40.
565 672 682 723 Dee
717 669 889 721 linteis
929 676 981 720 et
1018 668 1300 736 operibus⁰
1339 665 1634 736 superfluis.

258 760 359 809 ‘An
405 756 565 807 lintea
619 771 840 824 operosa
892 754 1049 820 atque
1098 750 1320 819 pellicea
1372 752 1697 820 operimenta
1734 750 1954 801 sileam‘.>

117 826 268 893 Cum,
305 828 537 896 inquam,
575 842 606 874 a
642 821 928 873 maioribus
967 820 1274 873 clementiae
1311 821 1482 890 gratia
1516 838 1612 890 pro
1637 819 1767 872 lenis
1806 819 1954 870 indui

113 895 336 965 pellibus
397 893 749 945 mediocribus
811 908 1118 942 concessum
1179 892 1269 957 sit,
1331 890 1516 941 vitium
1578 889 1952 958 superfluitatis

114 967 337 1034 irrepsit.
410 962 563 1015 Unde
602 970 652 1013 et
686 978 828 1012 nunc
863 961 1157 1029 peregrinis
1196 961 1532 1028 operimentis
1569 958 1757 1010 limbos
1786 957 1951 1027 bipal-

113 1053 228 1086 mos
274 1032 672 1085 circumducunt
717 1037 874 1099 atque
919 1030 1108 1098 pannis
1145 1028 1351 1080 Noricis
1403 1047 1463 1080 ea
1513 1028 1738 1097 desuper
1784 1027 1952 1096 dupli-

114 1114 249 1156 cant.
321 1102 520 1153 Linteis
558 1117 682 1151 vero
719 1117 814 1168 pro
854 1097 1097 1166 stragulis
1136 1099 1349 1149 minime
1387 1099 1466 1148 uti
1504 1115 1809 1148 concessum
1848 1106 1951 1161 est3

113 1173 204 1224 sed
258 1190 289 1222 a
344 1169 661 1241 quibusdam
721 1170 896 1219 minus
957 1166 1214 1236 religiosis
1277 1167 1495 1218 caeteris
1558 1165 1837 1235 superfiuis
1899 1166 1954 1216 id

111 1241 348 1292 additum
386 1249 478 1291 est.
553 1239 791 1303 Quorum
827 1255 1077 1288 numerus
1115 1254 1234 1287 cum
1273 1254 1341 1286 ex
1377 1235 1507 1287 locis
1544 1235 1766 1286 diversis
1795 1233 1954 1304 pluri-

111 1329 227 1361 mus
265 1318 416 1375 esset,
455 1328 487 1360 a
522 1306 820 1377 pluralitate
858 1305 1117 1357 malorum
1162 1304 1420 1357 bonorum
1457 1304 1713 1374 paucitati
1748 1303 1802 1355 id
1839 1323 1955 1373 per-

111 1397 323 1431 suasum
362 1380 468 1430 est'.

560 1478 643 1528 41.
699 1476 821 1527 Ded
858 1473 1198 1527 femoralibus
1213 1475 1234 1507 (ἶ
1271 1474 1515 1543 iniquisd.

250 1577 374 1629 ‘Sed
436 1576 563 1646 quid
621 1574 893 1627 femoralia
951 1575 1133 1644 iniqua
1179 1572 1436 1625 referam?
1495 1571 1703 1624 Horum
1758 1571 1951 1623 etenim

109 1646 316 1699 tibiales
355 1655 539 1716 quater
577 1644 890 1714 sesquipede
926 1652 1110 1712 patent
1144 1651 1303 1712 atque
1352 1661 1420 1693 ex
1467 1642 1704 1692 staminis
1753 1638 1951 1691 subtili-

110 1725 215 1768 tate
254 1717 410 1767 etiam
448 1714 696 1784 pudenda
732 1712 1053 1764 intuentibus
1091 1731 1198 1763 non
1243 1719 1542 1780 protegunt.
1623 1710 1687 1761 In
1725 1727 1951 1778 quorum

112 1785 493 1854 compositione
530 1783 584 1836 id
622 1783 712 1833 uni
747 1801 854 1834 non
880 1782 1087 1848 sufficit,
1128 1800 1229 1851 quo
1257 1780 1360 1831 duo
1389 1779 1618 1831 contenti
1643 1779 1711 1830 ad
1735 1777 1951 1847 plenum

111 1873 222 1908 esse
258 1853 507 1905 valerent.
578 1852 727 1904 Haec
765 1870 944 1903 coram
979 1852 1064 1902 hic
1114 1849 1292 1915 relata,
1348 1868 1415 1900 an
1451 1848 1721 1918 prohiberi
1767 1846 1953 1913 velitis,

109 1924 354 1975 indicate.
430 1922 652 1975 Caetera
686 1939 813 1973 vero
850 1922 1041 1972 nostris
1067 1919 1302 1971 conciliis
1327 1919 1383 1969 in
1408 1919 1614 1987 privato
1643 1916 1954 1985 corrigenda

112 1994 293 2045 erunt'.
370 1991 600 2043 Sinodus
636 1991 795 2042 dixit:
835 1990 952 2041 ‘Ete
991 1989 1400 2058 prohibeantur⁷.

363 2107 447 2157 42.
502 2106 794 2174 Responsio
832 2103 1224 2174 metropolitani
1260 2103 1328 2154 ad
1363 2102 1643 2172 primatem
1660 2101 1687 2151 f.

248 2204 336 2255 Ad
383 2205 513 2255 haec
562 2222 771 2274 quoque
818 2203 1250 2272 metropolitanus
1297 2201 1590 2253 subiunxit:
1647 2200 1953 2252 ‘Jravitatis

113 2273 325 2344 quidem
369 2282 574 2325 vestrae
619 2273 718 2324 fuit
761 2291 932 2343 pauca
989 2272 1211 2324 dicendo
1261 2269 1499 2341 pluribus
1556 2287 1797 2338 parcere;
1858 2268 1951 2320 sed

113 2342 558 2412 quoniamghaec
595 2361 728 2411 quae
770 2343 1191 2411 reprehensimus
1239 2342 1296 2391 in
1343 2348 1520 2392 vestro
1561 2338 1740 2390 ordine
1779 2337 1953 2389 subia-
1989 2356 1996 2361 ’

113 2420 248 2478 cent,
285 2411 388 2463 alia
424 2412 592 2477 nobis,
630 2410 732 2462 alia
767 2430 890 2463 vero
929 2412 1149 2480 privatis
1198 2409 1434 2461 conciliis
1474 2408 1785 2476 corrigenda
1820 2407 1952 2457 iudi-

113 2481 259 2546 catis,
295 2481 436 2531 idem
473 2481 654 2546 sentio,
692 2480 833 2532 idem
870 2479 1044 2531 laudo.
1116 2479 1272 2531 Unde
1323 2487 1375 2529 et
1424 2496 1557 2546 quae
1603 2476 1689 2526 hic
1725 2475 1951 2526 inhiberi

112 2558 289 2601 vestra
337 2551 570 2617 gravitas
624 2550 780 2617 petit,
833 2558 1014 2600 nostra
1065 2549 1348 2599 auctoritas
1396 2545 1676 2598 interdicit.
1767 2545 2142 2609 *Quae-f01‚35,

111 2619 262 2670 vobis
326 2617 525 2669 silendo
592 2618 926 2682 reservastis,
998 2618 1184 2669 vestris
1244 2615 1585 2684 relinquimus
1646 2614 1954 2664 inmutanda

111 2688 339 2739 iuditiis'.
411 2686 511 2737 His
538 2705 747 2756 quoque
773 2686 941 2751 dictis,
981 2686 1195 2737 sinodus
1221 2684 1388 2736 soluta
1414 2692 1507 2736 est.
1571 2683 1690 2748 Quo
1717 2691 1953 2752 tempore

112 2756 489 2808 monachorum
524 2754 709 2824 religio
747 2755 1032 2806 admodum
1069 2755 1259 2820 floruit,
1310 2771 1427 2804 cum
1466 2770 1646 2804 eorum
1683 2750 1952 2820 religionis

112 2826 461 2893 peritissimus
498 2823 931 2893 metropolitanus
967 2824 1120 2875 huius
1156 2824 1232 2875 rei
1257 2822 1490 2874 hortator
1515 2829 1653 2873 esset
1677 2830 1728 2873 et
1753 2838 1950 2872 suasor.

112 2894 219 2946 Eth
267 2903 325 2945 ut
373 2893 635 2947 nobilitati
685 2912 808 2945 suae
863 2894 918 2944 in
955 2892 1199 2944 omnibus
1246 2891 1614 2961 responderet,
1664 2889 1949 2942 aecclesiae

114 2981 237 3016 suae
263 2962 397 3015 filios
424 2963 634 3015 studiisi
671 2962 975 3015 liberalibus
1011 2963 1265 3014 instruere
1301 2960 1528 3012 utilitere
1569 2960 1868 3029 quaerebat.

457 3078 541 3129 43.
595 3075 870 3128 Adventus
910 3075 1155 3129 Gerberti
1190 3076 1244 3126 in
1285 3074 1604 3146 [Galliamq.

254 3161 356 3214 Oui
392 3162 566 3226 etiam,
605 3178 724 3210 cum
761 3159 904 3228 apud
942 3178 1054 3213 sese
1094 3177 1252 3226 super
1286 3159 1387 3210 hoc
1424 3158 1601 3228 aliqua
1620 3155 1948 3222 deliberaret,

114 3229 180 3282 ab
229 3231 345 3299 ipsa
386 3230 678 3283 Divinitate
730 3228 958 3280 directus
1009 3237 1087 3280 est
1136 3226 1425 3280 Gerbertus
1438 3229 1468 3295 ¹,
1521 3227 1702 3296 magni
1748 3227 1947 3294 ingenii

212 3397 248 3437 a)
275 3399 342 3430 hin
368 3408 460 3434 corr.
489 3400 590 3432 hinc.
714 3397 752 3439 b)
781 3398 898 3430 multo
929 3400 960 3430 1.
1087 3397 1119 3439 e)
1147 3398 1205 3430 De
1230 3397 1258 3438 1,
1284 3397 1336 3429 bu
1361 3397 1454 3429 absc.
1573 3395 1610 3436 d)
1638 3396 1708 3435 De,
1736 3394 1762 3434 f,
1789 3395 1830 3426 in
1856 3395 1955 3428 absc.

118 3443 152 3486 e)
177 3450 259 3485 post
287 3448 366 3480 add.
466 3446 493 3488 f)
524 3449 595 3479 rim
622 3448 713 3479 absc.
803 3446 840 3487 g)
868 3455 965 3485 quae
993 3445 1094 3478 dicta
1122 3449 1209 3478 sunt
1236 3446 1345 3477 nobis
1375 3447 1404 3478 1.
1479 3443 1518 3485 h)
1546 3445 1593 3475 Et
1619 3448 1660 3476 ut
1685 3444 1724 3474 in
1749 3443 1823 3475 Ioco
1851 3452 1949 3475 raso.

117 3493 144 3534 i)
173 3495 316 3526 studuis
343 3504 437 3529 corr.
466 3496 614 3530 studiis.
711 3494 752 3536 k)
781 3494 947 3527 Galliam
974 3494 1064 3527 absc.
1164 3493 1192 3534 l)
1220 3503 1254 3534 g.
1283 3503 1312 3525 c.
1341 3502 1485 3533 semper.

1499 3552 1561 3601 7.
