2240 3879
512 225 761 266 RICHERI
793 226 1205 268 HISTORIARUM
1236 225 1418 267 LIBER
1449 227 1536 267 111.
1903 229 1959 269 87

125 372 283 417 ceret.
337 363 522 432 Equus
560 381 683 431 ergo
721 382 816 432 per
851 363 996 413 invia
1031 369 1260 427 coactUS,
1300 365 1495 431 cespite
1524 364 1738 417 offendit
1768 374 2062 435 atque³954.

127 432 432 504 prolabitur.
513 432 630 483 Rex
682 449 805 483 vero
861 430 1168 500 gravissime
1223 433 1429 482 attritus
1486 449 1623 499 casu,
1680 442 1731 485 et
1775 452 1805 484 a
1850 436 1956 486 suis

125 510 396 570 exceptus,
442 519 561 551 cum
615 500 776 553 multo
828 501 1060 552 omnium
1107 501 1342 551 meroreb
1391 500 1583 552 Remos
1636 503 1955 571 deportatur.

128 571 335 622 Infestis
382 572 556 639 itaque
603 569 868 621 doloribus
914 576 1021 619 toto
1068 586 1286 637 corpore
1332 568 1640 624 vexabatur.
1725 571 1793 622 Et
1838 581 1958 641 post

120 639 381 691 diutinam
416 639 754 690 valitudinem
805 637 1060 705 corruptis
1107 638 1322 689 interius
1357 639 1647 692 visceribus
1684 639 1750 691 ob
1777 640 1956 692 humo-

125 719 273 760 rumc
334 708 768 778 superfluitatem,
839 705 1136 758 elefanciasi
1203 716 1351 776 peste
1421 715 1529 759 toto
1590 708 1957 761 miserabiliter

125 796 343 848 corpore
379 777 721 847 perfunditur.
797 777 917 840 Qua
953 775 1148 827 diutius
1175 776 1455 844 confectUS,
1492 779 1665 829 annod
1701 780 1849 846 regni
1875 780 1957 830 sui

129 848 208 914 18,
263 865 295 898 a
330 855 457 898 natu
491 855 665 897 autem
702 846 824 910 361,
875 844 1013 896 diem
1062 845 1199 897 vitae
1238 845 1425 898 clausit
1461 855 1752 898 extremum
1791 847 1956 917 sepul·
1976 864 2077 905 Sept.
2107 864 2142 898 9.

120 925 312 986 tusque
350 925 427 968 est
460 916 515 966 in
559 914 810 966 coenobio
859 913 1233 965 monachorum
1280 917 1443 967 sancti
1480 916 1760 985 Remigiie,
1815 918 1957 986 quod

116 986 279 1038 distat
315 985 420 1038 fere
437 985 454 1018 f
472 982 693 1035 miliario
720 1000 824 1034 uno
851 982 916 1034 ab
937 984 1083 1050 urbe,
1111 1001 1229 1034 cum
1248 984 1422 1036 multis
1445 986 1677 1037 omnium
1697 985 1954 1039 lamentis.

686 1194 996 1248 INCIPITg
1031 1196 1250 1248 LIBER
1287 1197 1384 1248 ΠΙ.

259 1296 304 1346 1.
354 1296 619 1347 Peractish
666 1303 840 1347 autem
879 1296 1133 1365 exequiiS,
1183 1295 1480 1365 Gerbergai
1530 1298 1714 1367 regina
1760 1298 1958 1367 legatos

112 1364 298 1433 dirigit
344 1364 625 1417 fratribusf
670 1365 817 1431 suisf,
868 1364 1050 1417 Ottoni
1095 1367 1208 1434 regi
1256 1384 1319 1416 ac
1354 1367 1592 1418 Brunoni
1639 1386 1706 1419 ex
1752 1367 1959 1438 presule

111 1434 256 1500 duci,
311 1452 516 1486 necnon
570 1443 619 1486 et
674 1434 889 1503 Hugoni
944 1434 1233 1486 Galliarum
1288 1436 1426 1502 duci,
1481 1447 1662 1506 petens
1711 1456 1807 1506 per
1854 1456 1959 1504 eOS,

116 1503 423 1556 Lotharium
459 1502 624 1554 filium
663 1522 816 1554 suum
853 1505 908 1554 in
943 1523 1165 1573 regnum
1189 1507 1325 1574 patri
1352 1505 1599 1557 defuncto
1627 1507 1908 1559 succedere
1922 1517 1959 1558 2.

117 1572 426 1625 Adveniunt.
461 1574 639 1641 itaque
677 1573 743 1625 ab
783 1572 974 1625 Ottone
1011 1592 1135 1642 rege
1152 1575 1174 1606 ¹³
1224 1592 1404 1626 omnes
1451 1595 1518 1627 ex
1563 1575 1779 1643 Belgica
1825 1576 1958 1628 duce

112 1642 367 1694 Brunone
443 1643 687 1711 rincipes,
727 1642 818 1693 sed
855 1650 905 1694 et
941 1661 1008 1694 ex
1048 1642 1335 1694 Germania
1372 1643 1550 1713 aliqui.
1605 1644 1774 1697 Adest
1799 1647 1955 1698 etiam

116 1711 280 1780 Hugo
326 1661 614 1763 Galliarum
664 1711 787 1762 dux.
872 1710 1204 1764 Conveniunt
1253 1731 1461 1782 quoque
1509 1714 1849 1783 Burgundiae
1906 1723 1958 1767 et

114 1781 436 1851 Aquitaniae
473 1779 728 1850 simulque
778 1789 828 1833 et
866 1779 1089 1833 Gothiae
1139 1783 1420 1851 principes.
1502 1783 1759 1853 Episcopi
1797 1785 1955 1836 etiam

114 1869 149 1902 -e
187 1850 403 1902 diversis
440 1851 714 1918 regionum
752 1849 968 1901 urbibus
1007 1853 1336 1904 conveniunt.
1391 1854 1568 1922 Atque
1602 1852 1656 1903 hi
1693 1871 1872 1905 omnes
1902 1855 1956 1904 in

118 1920 303 1972 urbem
328 1920 612 1971 Remorum
647 1918 787 1988 apud
816 1918 1138 1988 Gerbergam
1177 1922 1413 1988 reginam
1450 1923 1563 1990 pari
1598 1931 1722 1974 voto
1751 1921 1955 1975 collecti

117 1997 255 2040 sunt.
330 1988 581 2040 Omnium
617 1988 675 2038 fit
712 2006 1011 2040 consensus.
1087 1989 1348 2042 Omnibus
1374 1992 1548 2042 animo
1574 1992 1725 2057 inest,
1765 1991 1954 2043 Lotha-

113 2058 255 2109 rium
292 2060 429 2127 patri
466 2057 711 2108 defuncto
750 2057 1047 2110 succedere.

258 2143 305 2193 2.
359 2142 742 2194 Universorum
787 2143 963 2212 itaque
1010 2160 1267 2194 consensu
1302 2161 1333 2193 a
1369 2143 1562 2195 domno
1600 2143 1820 2196 Artoldo
1859 2146 1955 2197 Re-

112 2229 323 2262 morum
359 2210 775 2280 metropolitano,
822 2211 1030 2263 favente
1067 2213 1312 2264 Brunone
1360 2215 1470 2264 eius
1517 2213 1775 2265 avunculo
1814 2215 1954 2283 prin-

120 2281 431 2351 cipibusque
468 2281 792 2332 diversarum
828 2283 1064 2350 gentium
1111 2280 1462 2346 laudantibus,
1510 2283 1787 2334 Lotharius
1827 2283 1953 2335 duo-

113 2349 331 2402 ‹dennisl
379 2369 475 2402 rex
520 2358 724 2402 creatur
760 2351 814 2400 in
861 2350 1078 2403 basilica
1127 2352 1295 2402 sancti
1339 2352 1565 2420 Remigii
1580 2362 1628 2417 ¹¹¹,
1678 2352 1768 2403 ubi
1806 2361 1955 2421 pater
1990 2355 1997 2359 ’

113 2437 245 2470 suus
324 2418 607 2470 tumulatus
680 2437 798 2470 cum
870 2419 985 2470 aliis
1056 2419 1269 2488 regibus
1341 2419 1558 2489 sepultis
1632 2422 1951 2490 quiescebat.

121 2487 448 2557 Creatusque
486 2507 595 2554 rex,
632 2506 664 2538 a
698 2498 863 2540 matre
903 2488 1175 2557 Gerberga
1222 2488 1481 2558 simulque
1531 2498 1582 2541 et
1624 2491 1954 2559 principibus

119 2557 499 2623 Laudunumss,
553 2557 646 2609 ubi
699 2575 767 2608 ex
814 2559 1029 2626 antiquo
1079 2559 1224 2626 regia
1273 2577 1388 2609 esse
1443 2557 1593 2610 sedes
1649 2559 1953 2627 dinoscitur,

114 2636 277 2678 ‹cum0
315 2644 508 2693 magna
542 2644 718 2677 rerum
753 2625 1038 2677 ambitione
1074 2625 1281 2678 inclitus
1316 2626 1605 2679 deducitur.
1678 2628 1808 2679 Dux
1835 2647 1955 2680 con-

120 2697 264 2748 tinue
291 2695 339 2747 ei
363 2694 665 2746 individuus
691 2694 904 2747 assidet.
957 2695 1028 2747 Et
1052 2695 1120 2746 ad
1144 2694 1361 2747 multam
1385 2698 1524 2765 regis
1550 2696 1955 2750 benivolentiam

113 2765 356 2816 animum
408 2764 698 2830 intendenS,
755 2774 1034 2833 postquam
1087 2766 1351 2834 principes
1401 2766 1455 2816 in
1510 2785 1604 2818 sua
1652 2767 1954 2833 discessere,

123 2835 343 2904 privatis
369 2851 489 2884 cum
512 2852 634 2902 rege
664 2832 934 2902 colloquiis
960 2835 1282 2886 coutebatur.
1335 2835 1406 2886 Et
1441 2843 1497 2886 ut
1533 2853 1658 2886 suae
1695 2835 1957 2890 fidelitatis

117 2903 368 2956 virtutem
405 2903 613 2972 penitus
652 2902 1044 2968 demonstraret,
1089 2921 1266 2972 regem
1312 2905 1529 2973 eiusque
1577 2914 1796 2957 matrem
1835 2925 1955 2958 suas

117 2971 281 3025 urbes
319 2981 370 3025 et
407 2971 605 3041 oppida
638 2972 693 3021 in
728 2979 837 3023 tota
870 2971 1115 3023 Neustria
1149 2973 1317 3024 visere
1352 2976 1484 3042 petit
1520 2974 1838 3043 obtinetque.

263 3041 312 3092 3.
364 3041 659 3093 Deducitur
706 3058 831 3109 ergo
881 3059 913 3092 a
957 3040 1090 3092 duce
1137 3059 1232 3092 rex
1282 3061 1401 3094 cum
1439 3052 1603 3095 matre
1641 3046 1824 3113 regina
1858 3063 1956 3114 per
1973 3067 2054 3100 955.

120 3109 424 3162 Neustriam
455 3128 516 3161 ac
551 3110 616 3162 ab
644 3127 703 3161 eo
731 3109 1094 3161 decentissime
1121 3112 1383 3180 excipitur
1405 3113 1607 3179 Parisii,
1642 3112 1955 3180 AurelianiS,

226 3227 262 3270 a)
300 3233 337 3261 et
364 3232 396 3262 1.
520 3227 557 3269 b)
594 3229 698 3260 luctu
726 3231 756 3260 1.
884 3227 917 3269 c)
953 3229 1147 3261 humorem
1176 3232 1208 3261 1.
1334 3229 1370 3270 d)
1413 3240 1514 3263 anno
1542 3249 1586 3255 —
1614 3234 1750 3261 XXXVI
1776 3232 1815 3263 in
1841 3242 1954 3272 mar-q.

120 3274 166 3317 ·e)
192 3276 237 3310 R.
264 3287 293 3309 c.
381 3277 411 3319 f)
436 3282 516 3317 post
545 3279 625 3309 add.
717 3277 754 3317 g)
783 3277 866 3308 haec
890 3279 927 3308 in
954 3287 1065 3317 mary.
1090 3282 1172 3317 post
1198 3279 1280 3312 add.
1371 3278 1409 3319 h)
1438 3281 1481 3312 P.
1511 3289 1545 3313 a.
1572 3288 1604 3312 e.
1631 3281 1713 3312 add.
1744 3281 1778 3314 2.
1862 3280 1888 3320 i)
1909 3280 1954 3313 G.

123 3333 217 3356 vero
244 3334 273 3358 r.
304 3328 336 3357 1.
448 3325 487 3367 k)
517 3336 545 3359 r.
570 3327 722 3364 Belgici
746 3335 802 3366 pr.
833 3327 864 3358 1.
971 3325 998 3358 n
1025 3331 1103 3365 post
1128 3327 1210 3357 add.
1237 3328 1275 3358 in
1302 3327 1375 3358 loco
1402 3337 1512 3359 vacuo
1539 3329 1670 3360 relicto.
1772 3328 1822 3368 m)
1851 3329 1894 3361 R.
1923 3339 1953 3361 c.

124 3372 170 3414 11)
199 3373 351 3406 laudum
377 3384 404 3406 c.
517 3373 552 3414 o)
605 3375 749 3405 deletum
774 3373 835 3405 sed
858 3377 979 3414 postea
1005 3375 1202 3406 restitutum
1237 3376 1389 3408 videtur.

252 3450 300 3504 1)
335 3452 423 3494 Sed
458 3466 495 3493 c.
529 3453 571 3494 4.
604 3452 897 3506 quindennem
931 3466 1027 3492 eum
1061 3466 1243 3506 regnum
1275 3456 1502 3508 accepisse
1537 3455 1659 3496 dixit.
1774 3454 1821 3508 2)
1855 3455 1957 3498 Flo-

125 3511 288 3551 ·doardi
318 3515 609 3554 narrationem
642 3512 772 3553 valde
806 3512 1047 3566 ampliavit.
