2240 3879
261 265 314 303 70
682 259 939 301 RICHERI
971 258 1391 300 HISTORIARUM
1423 258 1608 299 LIBER
1641 258 1702 299 11.

153 416 238 449 94⁷·
260 402 513 454 electione
552 398 690 464 cleri,
729 398 1035 452 adolescens
1074 397 1337 466 egregius,
1388 402 1545 466 atque
1590 414 1622 446 a
1658 397 1852 449 domno
1889 395 2112 449 Artoldo

258 473 546 524 Remorum
583 468 988 538 metropolitano
1028 474 1367 519 consecratur
1404 467 1705 536 episcopus.

397 540 479 591 61.
531 540 695 591 Post*
732 538 864 590 haec
899 556 1026 590 vero
1063 556 1160 589 rex
1196 537 1251 587 in
1287 534 1561 605 Belgicam
1612 537 1885 602 concessit,
1934 535 2115 606 ibique

259 611 308 662 ei
331 608 600 661 locuturus
629 609 754 660 Otto
792 610 947 660 rex**
988 607 1199 659 obviam
1224 607 1383 658 venit.
1439 604 1523 656 Ac
1552 622 1685 674 quae
1725 624 1790 657 ue
1816 607 2117 658 necessaria

259 678 576 745 ordinantes,
633 677 790 730 ambo
834 695 988 746 reges
1025 675 1351 746 Aquisgrani
1400 674 1597 744 pascha
1647 693 1705 726 ce
1728 674 1913 727 ebrant
1958 683 2117 745 atque

257 748 421 801 multa
457 748 751 800 reverentia
787 765 900 799 sese
938 754 1120 798 mutuo
1152 745 1426 811 honorant,
1465 752 1658 814 atquel
1698 743 1800 794 hoc
1825 745 1892 797 ab
1922 744 2118 798 Ottone

258 817 507 888 amplius3
546 835 578 868 a
616 835 718 887 quo
759 817 953 869 etiama
991 816 1295 868 Ludovicus
1344 815 1503 884 regiis
1556 814 1706 865 donis
1753 811 2117 868 liberalissime

257 888 558 940 honoratur.

539 958 621 1009 62.
677 955 808 1007 Dux
844 955 1070 1006 urbemb
1108 955 1460 1006 Remensemh
1503 954 1836 1023 impugnatb.

397 1026 545 1077 Dum
580 1026 711 1077 haec
749 1027 823 1077 ita
861 1043 973 1076 sese
1011 1024 1281 1090 haberent,
1321 1023 1432 1075 dux
1470 1023 1534 1075 de
1571 1025 1711 1092 regis
1749 1023 1941 1075 iniuria
1973 1022 2119 1092 apud

260 1114 382 1148 suos
420 1095 672 1164 agitabat,
714 1097 1125 1164 oportunitatem
1161 1095 1218 1144 in
1253 1095 1395 1163 regis
1440 1093 1680 1146 absentia
1717 1111 1971 1161 asserenS,
2013 1111 2118 1162 qua

258 1166 445 1218 urbem
482 1166 769 1216 Remorum
809 1166 999 1233 capiat,
1037 1182 1159 1215 cum
1195 1172 1321 1215 tunc
1357 1163 1483 1216 urbs
1519 1172 1630 1215 tam
1668 1164 1920 1232 episcopo
1958 1181 2120 1232 quam

260 1235 514 1287 militibus
570 1254 739 1286 vacua
791 1242 942 1301 esset,
998 1253 1094 1285 rex
1150 1235 1310 1284 etiam
1358 1235 1473 1302 ipse
1524 1233 1654 1285 alias
1695 1241 1979 1302 occupatus
2017 1231 2120 1284 alia

262 1314 515 1375 quereret.
590 1305 747 1356 Unde
800 1313 850 1356 et
896 1303 1152 1374 possibile
1198 1305 1483 1370 asserebat,
1539 1303 1680 1354 facili
1727 1304 2120 1372 expugnatione

259 1373 447 1427 urbem
485 1376 627 1443 capi,
666 1374 826 1443 idque
864 1382 1177 1443 attemptare
1217 1391 1330 1424 sese
1367 1373 1654 1442 plurimum
1689 1372 1838 1424 velle.
1910 1372 2119 1438 Quibus

260 1444 452 1496 milites
505 1445 661 1514 capti,
713 1445 769 1494 in
816 1443 1001 1496 urbem
1050 1443 1333 1495 mittendas
1382 1442 1622 1494 cohortes
1668 1451 1894 1494 censent.
1970 1443 2121 1508 Quae

262 1514 513 1566 collectae
551 1532 672 1564 cum
710 1514 843 1564 duce
882 1514 1210 1582 gradiuntur.
1283 1513 1487 1564 Urbem
1526 1520 1785 1581 appetunt
1822 1521 1874 1563 et
1900 1512 2120 1562 circum-

262 1601 470 1653 quaque
528 1582 801 1635 obsidione
856 1592 1119 1652 premunt.
1211 1582 1600 1633 Diffunduntur
1656 1600 1867 1651 quoque
1921 1583 2121 1650 passim

260 1660 418 1722 atque
462 1652 786 1704 frinnentum
836 1671 904 1704 ex
953 1651 1084 1704 locis
1135 1652 1399 1721 contiguis
1446 1652 1503 1702 in
1548 1670 1704 1703 usum
1752 1670 1965 1721 pugnae
2003 1669 2121 1703 con-

258 1730 486 1775 vectant.
582 1721 770 1774 Castra
828 1722 984 1773 fossis
1050 1722 1297 1774 mimiunt
1360 1720 1701 1791 cratibusque
1774 1720 2119 1773 circumdant.

258 1793 503 1861 Pugnam
529 1811 654 1860 ergo
680 1793 735 1842 in
762 1792 906 1843 diesa
931 1800 1057 1843 auta
1083 1790 1247 1843 semel
1272 1800 1362 1844 aut
1397 1791 1480 1842 bis
1507 1791 1752 1843 inferunt.
1809 1792 1922 1843 Nec
1947 1793 2121 1843 minus

261 1872 312 1914 et
350 1864 491 1914 cives
529 1862 991 1914 vehementissime
1029 1863 1295 1913 resistunt.
1358 1862 1579 1931 Iamque
1606 1861 1661 1912 id
1689 1861 1875 1913 diebus
1901 1879 2121 1913 numero

262 1932 294 1983 9
333 1932 624 2000 agitabant,
665 1950 787 1982 cum
824 1950 1005 2001 regem
1044 1931 1176 1982 adeo
1215 1930 1550 2000 indignatinn
1587 1931 1796 2001 regredi
1833 1930 1900 1983 ab
1948 1931 2118 1984 obser-

260 2001 532 2053 vatoribus
581 2002 866 2052 nuntiatur.
939 2001 1011 2052 Et
1053 2019 1180 2052 mox
1218 2001 1493 2052 obsidione
1532 2001 1715 2068 soluta,
1772 2001 2123 2054 duodecimac

263 2070 383 2122 die²
421 2071 488 2123 ab
527 2069 657 2122 urbe
697 2071 988 2122 discedunt.

402 2141 484 2192 63.
536 2140 649 2192 Nec
687 2141 779 2192 diu
815 2148 1049 2191 moratus
1086 2159 1182 2192 rex
1212 2140 1399 2192 urbem
1427 2141 1784 2193 succurrendo
1811 2140 2120 2209 ingreditur.

261 2210 424 2278 Apud
480 2228 638 2279 quem
693 2228 821 2261 mox
871 2211 1138 2279 principes
1188 2209 1408 2275 collecti,
1465 2209 1530 2261 de
1581 2211 1692 2262 eius
1742 2229 1803 2262 ac
1856 2212 2124 2262 communi

262 2281 426 2332 salute
466 2278 775 2331 consultant.
848 2280 919 2331 Et
958 2281 1082 2349 quia
1118 2299 1295 2331 rerum
1332 2279 1529 2331 utilitas
1568 2280 1853 2332 Ottonemd
1892 2280 2123 2333 consiliis

386 2385 422 2438 ')
456 2385 581 2425 Haec
627 2384 911 2437 amplioribus
954 2385 1096 2426 verbis
1147 2385 1408 2426 Trz'tlzemz'us
1451 2384 1650 2438 exposuit
1694 2400 1735 2425 α.
1779 2387 1883 2428 948.
1926 2393 1964 2426 et
2008 2387 2121 2428 949.-

459 2448 695 2486 Remorum
731 2447 956 2486 civitatem
990 2448 1236 2488 revertitur.
1292 2448 1386 2497 Quo
1421 2448 1543 2488 iussu
1577 2449 1699 2499 regio
1735 2452 2037 2488 convenerunt
2069 2461 2123 2488 ex

462 2506 635 2547 Celtica
676 2507 768 2547 fere
813 2520 963 2547 omnes
1010 2509 1222 2561 episcopi,
1268 2508 1467 2558 abbates,
1507 2509 1690 2548 comites
1726 2513 1769 2548 et
1802 2508 1988 2555 nobiles,
2032 2507 2121 2550 illis

461 2568 674 2607 duntaxat
709 2569 907 2621 exceptis
941 2569 1016 2621 qui
1048 2573 1198 2622 partes
1235 2570 1359 2609 ducis
1392 2569 1597 2621 Hugonis
1631 2569 1944 2622 sequebantur.
1992 2569 2122 2610 Com-

461 2630 580 2668 muni
625 2630 819 2668 omnium
864 2629 1043 2669 decreto
1078 2631 1297 2680 statuitur,
1330 2634 1379 2670 ut
1410 2631 1561 2682 regiae
1597 2629 1828 2683 dignitatis
1864 2643 1996 2671 causa
2032 2629 2122 2672 dis-

457 2695 694 2743 poneretur
727 2691 846 2743 apud
878 2703 1030 2742 regem
1064 2691 1277 2742 Magnum
1312 2691 1535 2742 Ottonem,
1564 2704 1614 2731 eo
1651 2691 1769 2744 quod
1810 2693 1907 2745 ipse
1938 2696 2045 2732 tunc
2075 2692 2122 2731 in

457 2750 645 2802 Belgica
674 2755 928 2799 moraretur,
965 2756 1008 2791 et
1041 2752 1160 2805 apud
1195 2752 1322 2802 alios,
1357 2765 1539 2804 quorum
1563 2752 1826 2805 prudentiae
1849 2766 1918 2793 res
1940 2752 2123 2806 publica

458 2811 682 2851 videretur
705 2811 1075 2852 commendanda.
1141 2813 1199 2853 Et
1241 2813 1402 2866 legatis
1436 2814 1640 2865 utrinque
1675 2813 1871 2863 directis,
1904 2826 1981 2853 rex
2016 2813 2119 2854 Otto

458 2871 618 2911 indicit
660 2871 928 2925 colloquium
964 2873 1175 2926 generale
1224 2875 1270 2913 in
1318 2873 1484 2927 palatio
1533 2875 1803 2926 Aquisgrani
1852 2875 1909 2914 ad
1959 2874 2120 2915 festum

461 2931 710 2972 dominicae
758 2935 1094 2975 resurrectionis
1143 2936 1341 2987 proxime
1385 2934 1652 2974 habendum.
1729 2934 1802 2987 (A.
1837 2932 1963 2988 949.)
1995 2936 2119 2976 Anno

457 2997 717 3045 praenotato
750 3006 827 3032 rex
861 2995 964 3035 Otto
1005 2999 1048 3035 et
1079 2994 1336 3036 Ludovicus
1361 2994 1589 3037 Gallorum
1621 2997 1744 3036 iuxta
1773 2995 2029 3037 condictum
2062 2995 2120 3036 ad

456 3053 616 3093 festum
663 3053 910 3094 dominicae
948 3057 1286 3097 resurrectionis
1328 3059 1374 3096 in
1411 3057 1679 3109 Aquisgrani
1721 3058 2013 3108 conveniunt;
2061 3055 2120 3097 ad

460 3126 568 3166 quas
604 3127 626 3153 e
661 3114 899 3155 Germania
933 3121 976 3157 et
1010 3116 1158 3157 Gallia
1190 3117 1390 3158 nonnulli
1425 3130 1599 3170 quoque
1629 3118 1867 3170 principes,
1903 3118 2116 3172 episcopi,

459 3175 643 3214 abbates
669 3180 711 3214 et
736 3177 917 3217 comites
943 3178 1262 3224 confluxerunt,
1287 3179 1362 3231 qui
1386 3191 1536 3218 omnes
1561 3191 1657 3217 cum
1682 3191 1853 3219 summa
1870 3179 2119 3220 reverentia

459 3239 502 3275 et
533 3234 696 3275 honore
732 3242 932 3277 sanctum
965 3239 1136 3291 pascha
1159 3239 1203 3278 in
1229 3238 1346 3279 dicto
1370 3239 1536 3292 palatio
1567 3238 1888 3280 celebrarunt&

363 3294 419 3345 *Ἴ
453 3295 668 3348 Belgicae
704 3296 808 3336 add.
846 3298 883 3336 1.

358 3383 394 3424 a)
426 3387 608 3424 postadd.
708 3386 745 3425 b)
776 3388 890 3424 rbem,
919 3398 1050 3422 ensem
1078 3391 1142 3431 im,
1172 3393 1239 3422 nat
1265 3390 1356 3421 absc.
1446 3388 1479 3429 c)
1510 3390 1657 3422 decima
1688 3392 1720 3423 1.
1810 3390 1847 3431 d)
1876 3398 1943 3429 reg
1969 3390 2118 3421 scribere

261 3438 429 3472 coeptum.

388 3511 432 3565 1)
451 3514 629 3565 Richeri
647 3513 1016 3556 additamentum.
1122 3518 1166 3569 2)
1192 3524 1340 3559 octavo
1350 3523 1585 3570 postquam
1604 3517 1879 3560 advenerant
1896 3517 1966 3559 die
1983 3518 2115 3562 Flod.

279 3573 324 3624 3)
349 3574 471 3622 Quae
496 3580 543 3615 ut
565 3574 705 3616 seculi
728 3576 851 3617 XVI.
878 3581 1239 3619 commentarium
1263 3579 1425 3620 nullius
1449 3579 1725 3620 auctoritatis
1760 3592 1870 3631 esse,
1905 3583 2042 3633 patet.
2065 3579 2116 3621 P.
