2240 3879
221 432 304 464 969.

133 1705 145 1717 ⁶
161 1717 195 1746 p.
226 1707 307 1739 614.

194 1917 263 1948 972
279 1914 309 1949 9.

135 3005 146 3017 ⁸
160 3008 229 3040 fol.
259 3008 316 3041 34.

324 276 382 314 94
759 271 1011 313 RICHERI
1043 270 1465 313 HISTORIARUM
1495 270 1681 311 LIBER
1712 272 1800 313 ΙΙΙ.

328 411 708 479 cohabitarent,
745 428 954 462 necnon
990 418 1042 462 et
1089 409 1470 475 dormitorium,
1518 407 1610 461 ubi
1656 417 1817 461 noctu
1865 411 1920 461 in
1971 409 2179 463 silentio

329 483 675 552 quiescerent,
714 481 1052 533 refectorium
1080 497 1308 550 quoque,
1342 479 1434 531 ubi
1460 477 1525 530 de
1552 480 1818 530 communi
1843 480 2176 533 considentes

325 552 680 605 reficerentur.
771 550 1049 620 Legesque
1105 549 1365 618 ascripsit,
1420 556 1479 600 ut
1528 549 1776 600 orationis
1830 558 2066 619 tempore
2118 551 2176 602 in

327 621 552 676 ecclesia
587 621 718 672 nihil
752 621 856 671 nisi
903 621 1054 688 signo
1099 627 1353 689 peterent,
1400 625 1576 688 preter
1626 618 1803 688 quoda
1849 620 2176 672 necessitatis

325 692 535 745 afferret
570 689 829 760 inpulsi03
869 688 1046 740 cibum
1084 707 1191 740 una
1225 688 1506 740 1661101111ΙΟ
1545 697 1818 756 caperent3
1863 698 1986 759 post
2020 707 2176 759 pran-

326 762 475 813 dium
523 762 578 812 in
624 761 915 829 gratiarum
962 761 1168 811 actione
1216 758 1398 810 laudes
1442 758 1563 809 Deo
1613 757 1981 826 decantarent,
2038 776 2175 811 com-

325 831 549 902 pletorio
611 848 735 882 vero
798 828 1034 898 expletO,
1095 828 1360 880 silentium
1419 846 1588 897 usque
1648 827 1830 879 laudes
1890 830 2176 882 matutinas

326 900 623 952 nullatenus
660 898 942 966 violarent3
992 900 1099 949 iam
1151 898 1449 968 horoscopo
1497 904 1740 967 pulsante
1791 899 2008 950 excitati
2022 908 2057 965 0,
2106 898 2176 950 ad

324 970 506 1022 laudes
534 968 909 1038 persolvendas
936 987 1051 1020 sese
1076 969 1352 1037 prevenire
1379 966 1770 1020 contenderent.
1825 966 1966 1021 Ante
1991 967 2176 1020 horam

326 1040 432 1092 diei
468 1042 696 1110 primam
732 1038 983 1091 libertasd
1020 1037 1325 1107 egrediendi
1361 1056 1392 1088 a
1429 1037 1657 1089 claustro
1691 1038 1889 1089 nemini
1924 1055 2178 1090 concessa

327 1118 453 1177 erat,
498 1118 674 1179 preter
727 1109 822 1160 hos
873 1109 964 1179 qui
1009 1110 1147 1160 curis
1195 1126 1378 1160 eorum
1427 1106 1754 1159 insistebant.
1827 1107 1900 1160 Et
1944 1127 2010 1160 ne
2058 1109 2178 1178 quis

325 1199 421 1250 per
480 1179 835 1249 ignorantiam
898 1179 1182 1248 quicquam
1240 1178 1541 1230 faciendum
1598 1177 1944 1247 relinqueret,
2011 1177 2178 1230 sancti

327 1250 617 1318 Augustini
653 1249 889 1300 instituta
925 1255 1242 1318 patrumque
1282 1247 1494 1300 decreta
1541 1246 1734 1299 cotidie
1784 1248 1858 1299 eis
1902 1247 2180 1300 recitanda

324 1319 536 1372 indixit.

469 1405 552 1456 25.
609 1403 990 1454 Monachorum
1048 1419 1258 1472 quoque
1312 1420 1484 1454 mores
1542 1410 1738 1472 quanta
1792 1401 2071 1454 dilectione
2127 1409 2180 1454 et

328 1473 590 1526 industria
628 1474 858 1525 correxit
894 1479 1052 1541 atque
1090 1490 1122 1522 a
1159 1470 1320 1523 seculi
1355 1471 1541 1523 habitu
1577 1471 1834 1538 distinxit,
1885 1479 1967 1523 sat
2002 1471 2177 1523 dicere

329 1562 436 1595 non
474 1552 567 1595 est.
640 1543 760 1594 Non
799 1540 964 1593 solum
1006 1541 1145 1593 enim
1195 1540 1463 1610 religionis
1513 1541 1767 1610 dignitate
1817 1559 1905 1592 eos
1943 1541 2181 1609 insignes

329 1631 587 1683 apparere
637 1612 850 1674 studuit,
896 1629 1082 1662 verum
1133 1612 1289 1662 etiam
1338 1611 1492 1663 bonis
1542 1610 1892 1663 exterioribus
1930 1628 2180 1680 augmen-

329 1690 465 1735 tatos
502 1681 644 1734 nullo
683 1681 842 1732 modo
881 1681 1079 1731 *minui
1115 1680 1348 1750 prudens
1398 1680 1592 1749 adegit.
1668 1681 1816 1746 Quos
1855 1698 1976 1732 cum
2013 1679 2179 1732 multo

331 1752 525 1805 coleret
579 1770 774 1817 amore,
832 1752 1085 1820 precipua
1139 1760 1316 1803 tamen
1369 1750 1512 1802 beati
1565 1751 1797 1821 Remigii
1850 1751 2181 1802 Francorum

330 1822 539 1894 patroni
594 1820 878 1873 monachos
935 1822 1150 1872 caritate
1207 1819 1518 1887 extollebat,
1573 1820 1712 1872 unde
1769 1829 1820 1873 et
1865 1838 2048 1872 eorum
2095 1839 2184 1872 res

331 1891 582 1945 stabilirie
620 1893 675 1943 in
712 1899 982 1962 posterum
1021 1892 1258 1960 cupienS,
1296 1891 1519 1942 Romam
1558 1891 1831 1942 concessit.
1891 1891 1963 1942 Et
1998 1897 2182 1960 utpote

329 1964 410 2014 vir
445 1961 636 2014 nobilis
674 1970 725 2013 et
762 1970 1006 2013 strenuus
1045 1969 1096 2012 et
1129 1961 1270 2012 fama
1308 1959 1488 2013 celibis
1529 1961 1669 2013 vitae
1709 1961 1952 2013 omnibus
1992 1959 2183 2027 clarUS,

330 2051 362 2083 a
419 2031 608 2084 beatae
662 2033 948 2083 memoriae
996 2029 1232 2082 Iohanne
1287 2049 1430 2101 papa
1488 2049 1607 2082 cum
1661 2030 1827 2083 multa
1885 2030 2181 2082 reverentia

331 2111 586 2171 exceptus
624 2108 716 2152 est.
791 2099 840 2151 A
878 2119 980 2169 quo
1020 2101 1178 2151 etiam
1215 2110 1337 2169 post
1373 2107 1556 2152 mutua
1594 2099 1857 2170 colloquia
1892 2101 2080 2168 iussus,
2127 2100 2184 2151 in

331 2171 416 2224 die
463 2170 702 2223 natalitia
749 2170 984 2236 Domini,
1027 2171 1090 2220 12
1127 2170 1534 2239 procedentibus
1574 2171 1854 2239 episcopis,
1901 2171 2184 2222 missarum

330 2241 642 2311 sollempnia
678 2239 976 2292 celebravit.
1037 2239 1102 2290 In
1138 2248 1285 2292 tanta
1322 2240 1433 2291 eius
1469 2241 1640 2310 gratia
1676 2240 1904 2308 habitus,
1942 2247 2001 2292 ut
2025 2239 2092 2292 ab
2120 2257 2185 2292 eo

330 2321 603 2381 rogaretur
637 2319 831 2380 petere,
870 2310 914 2361 si
953 2309 1080 2379 quid
1117 2318 1336 2379 optaret.

331 2413 412 2464 26.
471 2411 629 2478 Quod
663 2409 1026 2479 metropolitaf
1057 2408 1325 2461 Adalbero
1361 2408 1451 2461 def
1485 2410 1671 2463 rebusf
1697 2411 1863 2463 5611611
1897 2410 2128 2478 Remigii
2153 2429 2188 2462 a

639 2480 807 2550 papaf
844 2479 1077 2532 Iohanne
1114 2478 1482 2550 privilegiumf
1519 2482 1635 2532 fieri
1672 2480 1849 2550 petits.

469 2566 620 2617 Tunc
669 2569 754 2618 vir
800 2563 1158 2618 memorabilis
1205 2565 1281 2615 sic
1335 2582 1578 2617 exorsus:
1636 2563 1949 2631 ‘Quoniam',
1996 2564 2186 2633 inquit,

331 2640 497 2706 ‘pater
544 2637 901 2700 sanctissime,
957 2634 1122 2686 multa
1171 2635 1388 2686 caritate
1437 2635 1603 2687 filium
1659 2634 1968 2705 complexus
2017 2635 2087 2686 ad
2133 2641 2184 2686 te

330 2705 591 2775 ampliusg
641 2705 924 2772 attraxisti,
965 2706 1107 2775 quod
1155 2705 1253 2756 tibi
1303 2722 1581 2757 onerosum
1631 2706 1712 2772 sit,
1751 2705 2040 2775 petendum
2077 2722 2186 2755 non

329 2776 566 2828 arbitror.
639 2776 781 2828 Novi
818 2776 972 2841 enim,
1003 2774 1144 2844 quod
1180 2773 1402 2843 diligens
1437 2783 1588 2844 pater
1622 2775 1887 2827 interdum
1923 2773 2029 2826 filio
2067 2792 2186 2843 gra-

331 2847 443 2897 vari
480 2846 722 2915 gaudeat.
787 2844 892 2897 Sed
926 2844 1056 2896 illud
1092 2854 1269 2914 petere
1307 2863 1391 2896 me
1427 2845 1697 2916 proposui,
1736 2844 1878 2915 quod
1915 2852 2001 2896 eta
2036 2851 2184 2896 tanto

334 2917 470 2984 patri
513 2933 791 2967 onerosum
839 2933 946 2967 non
982 2914 1074 2967 fiat
1111 2923 1162 2967 et
1196 2915 1397 2984 petenti
1435 2918 1559 2967 satis
1597 2915 1860 2966 commodi
1897 2920 2185 2984 comparet.

335 2985 433 3037 Est
465 2985 595 3036 mihi
630 2986 686 3035 in
713 2983 901 3036 Galliis
929 2984 1308 3037 monachorum
1346 2985 1692 3038 *coenobium
1705 2986 1744 3050 ¹¹,
1781 3003 1887 3036 non
1922 2983 2077 3054 longe
2113 2982 2183 3035 ab

334 3055 463 3107 urbe
501 3056 785 3107 Remorum
823 3056 995 3106 situm.
1069 3054 1176 3107 Ubi
1215 3055 1372 3107 etiam
1408 3055 1550 3107 beati
1586 3055 1816 3123 Remigii
1853 3055 2184 3106 Francorum

373 3125 541 3176 atroni
580 3142 771 3192 corpus
811 3125 1200 3176 sanctissimum
1237 3123 1604 3177 decentissime
1637 3124 1872 3194 quiescit,
1911 3123 1998 3175 6111
2024 3123 2186 3175 6116111

333 3144 501 3246 lionor
547 3194 851 3246 exhibeturi
903 3194 1129 3247 debitus,
1216 3193 1382 3246 Cuius
1424 3212 1508 3246 res
1554 3195 1610 3245 in
1654 3200 1923 3263 posterum
1961 3191 2184 3244 stabiliri

333 3263 552 3316 firmiter
601 3281 881 3333 quaerens,
930 3273 1136 3316 vestrae
1187 3265 1513 3316 auctoritatis
1559 3262 1837 3334 privilegio
1885 3262 2183 3315 confirmari

334 3334 772 3404 inpresentiarum
811 3333 1055 3403 depos00,
1093 3342 1258 3386 terras
1295 3333 1541 3386 videlicet
1568 3332 1732 3386 cultas
1758 3342 1916 3403 atque
1941 3331 2183 3397 incultas.

432 3503 468 3545 a)
492 3509 574 3544 post
601 3505 682 3536 add.
785 3503 824 3544 b)
853 3504 999 3536 silendo
1031 3507 1062 3537 1.
1167 3503 1199 3545 c)
1228 3505 1262 3537 h.
1294 3505 1482 3537 excitante
1512 3506 1544 3535 1.
1647 3502 1684 3546 d)
1713 3503 1858 3535 nemini
1874 3502 1899 3534 1.
1917 3503 1951 3536 1.
2051 3499 2086 3542 6)
2107 3503 2181 3532 sta-

335 3553 462 3584 bilitas
492 3556 521 3585 1.
673 3552 702 3594 f)
743 3555 899 3593 opolita,
929 3554 974 3585 de
1003 3555 1125 3594 rebus,
1154 3563 1215 3595 pa,
1244 3554 1384 3594 egium,
1413 3554 1457 3585 tit
1484 3554 1576 3585 absc.
1740 3550 1778 3592 g)
1808 3552 1856 3583 ad
1882 3555 1919 3583 te
1947 3559 1980 3583 a.
2008 3551 2055 3582 ad
2081 3553 2118 3583 te
2147 3551 2183 3583 1.

334 3600 372 3642 h)
401 3603 439 3633 in
466 3603 538 3633 αἷὶα
566 3603 687 3633 charta
715 3603 787 3633 alio
814 3606 1010 3633 atramento
1032 3604 1158 3642 peryit,
1186 3611 1294 3633 manu
1312 3602 1475 3641 fortasse
1502 3603 1632 3635 aliena.
1741 3600 1768 3641 i)
1799 3604 1971 3634 servatur
1998 3601 2032 3631 1.
