2240 3879
205 418 286 450 923.

174 760 291 806 (922)

307 269 363 307 30
747 265 997 306 RICHERI
1030 265 1451 306 HISTORIARUM
1477 266 1661 307 LIBER
1693 268 1730 307 Ι.

305 405 582 473 attigeritl.
656 403 915 455 Neutrum
927 405 995 438 *·³
1042 402 1251 453 illorum
1301 401 1470 471 spolia
1519 402 1834 472 diripuisse³¹
1886 406 2105 474 contigit
2118 414 2154 457 ³.

308 474 473 527 Cuius
518 474 595 525 rei
641 474 999 542 oportunitasa
1045 490 1164 523 cum
1212 470 1443 523 Karolo³
1491 489 1598 523 non
1648 473 1959 538 defuisseta,
2015 473 2159 525 nulla

305 551 517 596 tamena
573 542 759 594 ductus
815 542 1138 611 cupiditatea
1175 559 1287 593 rem
1323 541 1641 610 pernitiose³
1687 543 1887 594 vitavit.
1959 543 2098 594 Nam
2110 544 2157 568 **

306 611 589 682 transfugis
627 611 912 680 plurimum
951 611 1211 677 diffidens,
1249 618 1431 679 utpote
1442 611 1511 633 *²⁸*
1561 611 1650 679 qui
1686 613 1975 663 maximam
2013 630 2158 663 exer-

310 684 445 734 citus
489 689 695 750 partem
743 682 1013 745 amiserat,
1060 698 1187 731 mox
1223 681 1320 731 iter
1358 681 1502 730 sineb
1542 679 1723 748 spoliis
1760 681 1815 730 in
1851 680 2158 749 Belgicam†

308 752 532 817 retorsit,
560 752 734 819 post††
760 749 1101 801 truculentius
1126 749 1297 801 redire
1325 749 1625 818 disponens.
1671 749 1821 800 Hac2
1846 758 2158 818 tempestate

309 828 478 872 terrae
515 827 689 870 motus
726 821 781 870 in
806 837 945 888 pago
975 818 1347 871 Camaracensi
1383 818 1551 870 factus
1591 826 1682 884 est,
1721 837 1789 869 ex
1829 836 1930 887 quo
1971 818 2159 870 domus

308 888 591 941 nunnullae
630 887 911 940 subversae
950 896 1083 939 sunt.
1157 888 1313 940 Unde
1352 896 1403 939 et
1437 906 1613 939 rerum
1651 886 1919 939 calamitas
1957 888 2161 940 adverti

309 960 496 1028 potuit,
535 976 657 1009 cum
692 958 841 1027 regni
878 959 1124 1026 princeps
1169 965 1345 1026 preter
1380 958 1461 1009 ius
1501 966 1687 1026 captus
1724 966 1774 1009 et
1806 958 1862 1008 in
1897 974 2161 1009 carcerem

310 1046 476 1098 usque
514 1029 568 1078 in
606 1027 747 1078 diem
781 1028 921 1078 vitae
960 1046 1084 1079 suae
1114 1045 1416 1096 supremum
1444 1027 1684 1078 detrusus
1712 1028 1790 1077 sit.
1864 1026 2001 1078 Nam
2040 1044 2160 1077 cum

310 1116 423 1150 rem
468 1096 749 1148 militarem
796 1096 1098 1164 disponeret
1144 1105 1195 1147 et
1238 1097 1527 1147 exercitum
1573 1097 1925 1165 copiosiorem
1974 1095 2160 1148 Galliis

310 1167 500 1218 inferre
538 1173 763 1235 pararet,
805 1164 1074 1235 Gallisque
1111 1165 1235 1216 inde
1271 1167 1429 1217 timor
1465 1164 1658 1217 multus
1695 1166 2029 1231 incuteretur,
2065 1166 2160 1216 mi-

310 1238 443 1288 tiore
490 1237 666 1287 animo
712 1234 1029 1286 ferebantur.
1107 1235 1265 1300 Quod
1310 1234 1539 1286 Karolus
1593 1253 1689 1286 rex
1746 1233 2158 1302 subintelligens,

310 1324 406 1374 per
442 1304 643 1374 legatos
680 1322 926 1356 revocare
974 1322 1062 1355 eos
1109 1304 1374 1355 nitebatur
1420 1303 1700 1373 multisque
1746 1304 2037 1355 rationibus
2085 1305 2160 1355 eis

310 1375 367 1426 id
405 1374 623 1426 suadere
654 1373 920 1443 querebat.
994 1374 1366 1425 Nortmannis8
1396 1392 1604 1443 quoque
1630 1391 1797 1442 usque
1824 1373 1892 1424 ad
1919 1373 2160 1424 effectum

312 1445 488 1509 suasit,
528 1443 660 1494 adeo
698 1451 756 1494 ut
792 1445 905 1511 regi
941 1442 1101 1494 fidem
1130 1443 1389 1512 spondere
1415 1444 1566 1512 eique
1604 1451 1661 1494 ut
1697 1442 1901 1494 iuberet
1938 1441 2161 1494 militare

309 1511 514 1564 vellent.
592 1512 698 1577 Qui
736 1530 856 1562 cum
893 1513 1006 1580 regi
1043 1511 1313 1563 militaturi
1341 1529 1611 1563 occurrere
1636 1520 1898 1581 pararent,
1937 1531 1967 1563 a
1995 1510 2160 1564 Gallis

230 1598 235 1601 ·
307 1580 774 1632 intercurrentibus
811 1581 1022 1632 inhibiti
1060 1590 1192 1632 sunt.
1266 1580 1423 1632 Unde
1462 1590 1512 1632 et
1550 1599 1730 1633 eorum
1772 1582 2026 1650 suppetiis
2063 1599 2160 1633 rex

129 1996 204 2026 Iul.
235 1995 292 2029 13.

305 1652 542 1719 privatus
580 1656 672 1700 est.

489 1757 573 1808 47.
647 1754 892 1807 Rodulfi⁰
928 1756 1069 1824 regis
1106 1757 1402 1825 promotio⁰
1439 1774 1501 1807 ac
1536 1755 1754 1808 Karolic
1793 1757 1982 1825 captio.

451 1840 589 1892 Galli
648 1860 680 1891 a
733 1841 1014 1909 pertinatia.
1073 1839 1369 1892 nullatenus
1430 1841 1782 1909 quiescenteS,
1855 1839 2158 1907 Rodulfum,

308 1909 560 1961 Richardi
596 1909 990 1979 Burgundionis
1027 1908 1209 1976 filium,
1256 1911 1497 1976 accitum,
1537 1910 1680 1979 apud
1716 1909 1903 1961 urbem
1943 1908 2158 1961 Suesso—

308 1979 510 2041 nicam,
558 1997 619 2030 eo
656 1978 781 2030 licet
828 1980 987 2030 satish
1032 1977 1373 2044 reclamante,
1428 1997 1608 2049 regem
1656 1979 1756 2030 sibi
1809 1978 2155 2047 prefecerunt,

309 2049 482 2099 virum
530 2056 798 2099 strenuum
845 2066 906 2099 ac
956 2048 1141 2098 litteris
1189 2047 1495 2099 liberalibus
1550 2067 1656 2100 non
1703 2049 2039 2100 mediocriter
2081 2049 2156 2099 in-

311 2124 579 2169 structum.
673 2117 832 2182 Quod
885 2116 1213 2182 Heribertus,
1267 2126 1532 2169 tantorum
1585 2118 1842 2169 malorum
1904 2118 2157 2184 incentor,

311 2204 425 2237 sese
460 2185 593 2237 velle
632 2185 981 2251 dissimulanS,
1028 2185 1286 2237 Karolum
1321 2205 1501 2254 regem
1538 2205 1634 2256 per
1677 2186 1878 2256 legatos
1921 2188 2157 2254 accersit,

310 2256 467 2306 tantis
493 2255 715 2323 flagiciis
742 2272 796 2306 se
821 2257 975 2306 reniti
999 2254 1226 2307 voluisse
1251 2256 1526 2322 mandanS,
1566 2256 1658 2308 sed
1696 2275 1727 2308 a
1765 2258 2157 2309 coniuratorum

312 2323 643 2376 multitudine
689 2324 1143 2376 vehementissime
1191 2344 1558 2394 suppressum3
1620 2334 1744 2377 tunc
1789 2325 1992 2376 nullmn
2040 2343 2157 2378 con-

312 2392 414 2444 silii
448 2392 622 2445 locum
658 2395 908 2463 patuisse,
947 2412 1087 2445 nunc
1112 2413 1235 2446 vero
1261 2395 1481 2446 remedii
1506 2402 1712 2464 partem
1751 2396 2005 2464 optimam
2043 2413 2156 2446 sese

310 2464 634 2532 repperisse3
689 2463 829 2514 unde
866 2471 916 2515 et
951 2465 1206 2515 maturius
1254 2465 1489 2531 accedat,
1537 2482 1639 2534 quo
1674 2465 1723 2516 ei
1756 2465 1872 2533 ipse
1909 2464 2158 2516 obvenire

310 2532 503 2598 valeat;
543 2550 662 2583 cum
700 2534 883 2601 paucis
919 2541 1111 2599 tamen,
1148 2552 1230 2598 ne,
1268 2534 1311 2584 si
1349 2552 1469 2584 cum
1505 2532 1682 2585 multis
1719 2534 2017 2600 adveniant,
2056 2534 2158 2586 dis-

312 2602 593 2653 sidentium
648 2603 979 2653 animositate
1024 2604 1078 2653 in
1123 2601 1320 2654 bellum
1368 2611 1647 2672 cogantur,
1721 2610 1772 2654 et
1815 2621 1913 2672 pro
1957 2604 2158 2655 itineris

311 2672 604 2737 securitate,
643 2672 686 2722 si
724 2670 825 2722 sibi
862 2670 1082 2740 placeat,
1129 2672 1196 2723 ab
1233 2673 1364 2741 ipsis
1401 2671 1587 2742 legatis
1623 2672 1962 2724 iurisiurandi
1997 2672 2158 2724 fidem

310 2741 550 2808 accipiat.
623 2740 740 2791 Rex
785 2740 973 2792 horum
1023 2740 1282 2806 credulus,
1331 2741 1397 2793 ab
1434 2741 1621 2810 legatis
1657 2741 2021 2793 iusiurandum
2058 2760 2156 2812 pro

309 2808 414 2859 fide
452 2826 573 2859 acce
616 2810 656 2860 it
692 2827 754 2861 ac
792 2811 902 2861 sine
939 2827 1153 2862 suorum
1192 2809 1569 2863 deliberatione
1605 2811 1864 2880 proditori
1908 2810 2156 2863 obvenire

308 2894 415 2928 non
441 2827 655 2929 distulit.
716 2878 788 2929 Et
812 2879 1050 2947 proditor
1070 2879 1218 2932 dolos
1245 2879 1596 2946 dissimulanS,
1635 2898 1756 2931 cum
1780 2882 1965 2949 paucis
1991 2899 2157 2951 aeque

308 2946 383 2998 ibi
422 2947 612 2998 venitd.
685 2946 944 3016 Datisque
983 2948 1173 3001 osculis
1212 2950 1446 3018 excepti,
1498 2948 1844 3002 familiaribus
1883 2948 2156 3020 colloquiis

431 3079 469 3133 ⁸)
503 3081 712 3122 Neutrum
750 3104 805 3111 —
839 3083 994 3123 vitavit
1027 3083 1052 3122 2
1086 3082 1133 3124 in
1165 3098 1305 3139 mem-9.

414 3138 475 3194 *Ἴ
511 3140 651 3183 Gallis
684 3141 789 3182 add.
825 3143 863 3192 1,
896 3143 982 3184 del,
1018 3144 1057 3183 2.
1183 3142 1264 3197 ***)
1298 3148 1389 3198 utp.
1425 3165 1481 3173 —
1516 3144 1723 3185 amiserat
1756 3143 1859 3185 add.
1894 3144 1935 3185 2.

430 3199 469 3254 †)
505 3202 787 3243 Germaniam
824 3203 861 3253 1,
896 3216 1005 3244 corr.
1042 3203 1082 3245 2.
1207 3201 1271 3257 ††)
1305 3205 1351 3245 in
1384 3203 1553 3246 Gallias
1590 3205 1628 3253 1,
1664 3217 1775 3247 corr.
1810 3204 1851 3246 2.

405 3319 442 3361 a)
470 3330 520 3363 m,
547 3322 618 3363 uis,
645 3322 686 3362 it,
714 3330 748 3363 0,
775 3322 836 3362 K,
864 3326 951 3361 sset,
980 3332 1079 3366 men,
1107 3325 1172 3366 idi,
1200 3333 1239 3357 se
1266 3324 1358 3358 absc.
1460 3322 1499 3366 b)
1522 3328 1605 3364 post
1631 3324 1712 3357 αᾱά.
1792 3322 1825 3366 c)
1854 3325 1878 3366 i,
1907 3325 1995 3366 otio,
2023 3326 2036 3357 i
2062 3325 2153 3361 absc,

307 3367 345 3410 d)
373 3369 519 3402 ibvenit
545 3379 594 3410 c.;
623 3370 778 3403 obvenit
804 3371 844 3404 P.

431 3481 472 3530 1)
492 3479 734 3521 Flodoardi
754 3482 1047 3522 narrationem
1068 3487 1220 3523 auctor
1236 3483 1280 3522 in
1298 3482 1492 3523 favorem
1509 3481 1661 3522 Karoli
1678 3483 1875 3522 mutavit.
1957 3481 2003 3535 2)
2025 3482 2152 3524 Haec

306 3551 358 3579 ex
390 3540 521 3581 Flod.
554 3541 666 3582 Ann.
704 3553 743 3581 a.
780 3540 881 3582 922.
1007 3541 1054 3595 3)
1089 3543 1155 3583 Cf.
1189 3542 1318 3584 Flod.
1352 3555 1392 3584 a.
1427 3541 1528 3582 923.
