2240 3879
496 212 747 253 RICHERI
781 213 1197 255 HISTORIARUM
1229 213 1411 254 LIBER
1446 215 1531 256 ΙΙΙ,
1895 215 1975 254 103

132 350 360 402 fistulam
400 351 681 417 constituit,
720 352 774 401 in
812 352 958 402 cuius
997 348 1358 400 cacuminibus
1399 350 1532 401 duos
1570 351 1718 418 polos
1756 351 1974 403 boreum

133 427 185 471 et
221 418 620 470 austronothum
657 419 912 471 notandos
951 436 1064 470 esse
1101 419 1338 469 instituit.
1414 418 1811 471 Semicirculum
1850 439 1973 471 vero

133 506 164 538 a
201 487 321 556 polo
361 487 427 538 ad
465 487 645 556 polum
684 488 752 539 30
787 487 1025 556 partibus
1065 486 1256 537 divisit.
1332 487 1568 552 Quarum
1618 507 1713 539 sex
1750 507 1781 540 a
1818 488 1974 558 poloa

133 557 408 622 distinctis,
446 557 673 608 fistulam
710 557 962 621 adhibuit,
1000 574 1094 624 per
1121 574 1278 624 quam
1306 555 1571 607 circularis
1597 556 1734 608 linea
1760 559 1973 609 arcticib

134 627 445 694 signaretur.
541 627 668 677 Post
727 643 854 694 quas
918 625 1077 676 etiam
1144 626 1372 694 quinque
1435 625 1686 691 diductis,
1746 626 1973 677 fistulam

134 713 343 764 quoque
404 696 621 761 adiecit,
685 711 818 763 quae
880 692 1180 745 aestivalem
1244 694 1639 746 circulationem
1700 695 1971 747 indicaret.

132 763 343 816 Abinde
383 782 588 833 quoque
626 771 848 831 quatuor
894 762 1092 828 divisis,
1137 763 1367 815 fistulam
1417 764 1705 815 identidem
1753 764 1972 830 addidit,

133 833 271 884 unde
329 831 724 902 aequinoctialis
778 832 1071 883 rotunditas
1134 833 1603 885 commendaretur.
1693 832 1973 903 Reliquum

131 920 258 953 vero
299 905 525 971 spatium
562 919 729 970 usque
767 900 835 951 ad
871 903 1071 952 notium
1110 901 1291 970 polum
1331 903 1527 954 eisdem
1559 902 1972 954 dimensionibus

132 972 386 1023 distinxit.
461 970 623 1022 Cuius
668 971 999 1022 instrumenti
1044 972 1175 1022 ratio
1222 973 1276 1022 in
1323 980 1521 1022 tantum
1568 971 1746 1037 valuit,
1798 982 1854 1023 ut
1904 973 1972 1023 ad

129 1040 308 1109 polum
347 1058 440 1091 sua
476 1039 728 1090 diametro
768 1039 964 1092 directa
1001 1058 1062 1090 ac
1103 1040 1417 1091 semicirculi
1449 1041 1793 1109 productione
1820 1060 1970 1110 supe-

130 1111 238 1160 rius
276 1127 440 1175 versa,
490 1107 708 1159 circulos
747 1108 950 1160 visibus
998 1110 1302 1178 inexpertos
1342 1111 1588 1162 scientiae
1628 1110 1776 1161 daret
1817 1120 1971 1179 atque

130 1177 237 1230 alta
273 1179 525 1230 memoria
560 1177 884 1229 reconderet.

175 1276 260 1327 52.
317 1276 512 1344 Sperae
551 1279 861 1346 compositio
899 1277 1119 1346 planetis
1159 1278 1574 1347 cognoscendise
1612 1279 1934 1347 aptissimae.

266 1361 606 1412 Errantium*
646 1381 852 1431 quoque
891 1361 1121 1412 siderum
1161 1361 1345 1412 circuli
1385 1381 1504 1413 cum
1542 1363 1680 1414 intra
1715 1362 1971 1413 mundum

127 1430 374 1494 ferantur,
414 1440 465 1481 et
486 1440 666 1482 contra
703 1431 1033 1495 contendant,
1074 1449 1175 1499 quo
1203 1440 1380 1483 tamen
1406 1431 1626 1483 artificio
1654 1431 1970 1497 viderentur,

130 1500 382 1551 scrutanti
442 1518 548 1550 non
609 1500 786 1552 defuit.
882 1500 1132 1569 Inprimis
1194 1501 1331 1551 enim
1393 1519 1603 1569 speram
1664 1500 1971 1552 circularem

128 1568 326 1635 effecit3
364 1567 463 1619 hoc
504 1576 580 1620 est
617 1587 683 1620 ex
720 1569 842 1620 solis
882 1568 1087 1620 circulis
1116 1578 1456 1620 constantem.
1529 1570 1592 1620 In
1620 1588 1723 1638 qua
1750 1569 1970 1622 circulos

128 1637 260 1688 duos
299 1639 389 1707 qui
425 1655 456 1687 a
485 1637 669 1690 Grecis
708 1638 936 1705 coluril,
988 1657 1019 1688 a
1044 1638 1240 1689 Latinis
1282 1638 1570 1690 incidentes
1610 1640 1868 1703 dicuntur,
1909 1657 1968 1690 eo

129 1706 272 1776 quod
308 1710 361 1757 in
395 1726 507 1759 sese
532 1707 765 1758 incidant
791 1706 1138 1776 complicavit.
1211 1709 1274 1759 In
1302 1726 1523 1776 quorum
1551 1706 1970 1760 extremitatibus

128 1775 276 1845 polos
327 1776 458 1827 fixit.
543 1776 690 1828 Alios
745 1795 871 1828 vero
923 1779 1154 1847 quinque
1217 1777 1466 1843 circulos,
1530 1779 1621 1848 qui
1680 1776 1970 1846 paralleli**

129 1845 388 1911 dicuntur,
439 1845 628 1896 coluris
678 1848 1014 1916 transposuit,
1077 1848 1149 1897 ita
1203 1855 1261 1897 ut
1314 1866 1343 1897 a
1394 1846 1516 1915 polo
1568 1846 1634 1898 ad
1681 1846 1861 1914 polum
1906 1847 1972 1898 30

129 1923 304 1984 partes
342 1933 525 1984 sperae
563 1915 896 1967 medietatem
937 1916 1257 1982 dividerent,
1296 1917 1455 1984 idque
1482 1934 1587 1966 non
1613 1916 1769 1984 vulgo
1801 1934 1972 1985 neque

130 1983 361 2035 confuse.
441 1984 576 2034 Nam
625 1984 688 2035 de
731 1986 799 2036 30
843 1984 1092 2036 dimidiae
1140 2003 1322 2053 sperae
1371 1985 1608 2054 partibus
1660 2003 1691 2035 a
1733 1984 1856 2054 polo
1907 1984 1971 2036 ad

127 2054 357 2122 primum
419 2052 672 2104 circulum
736 2073 830 2105 sex
885 2054 1179 2119 constituit3
1243 2071 1273 2103 a
1329 2055 1500 2123 primo
1557 2053 1625 2105 ad
1681 2054 1972 2106 secundum

129 2124 385 2191 quinque,
425 2140 454 2172 a
493 2122 723 2174 secundo
761 2123 829 2174 ad
865 2125 1074 2175 tertium
1104 2132 1353 2192 quatuor,
1394 2142 1423 2174 a
1453 2124 1606 2174 tertio
1634 2124 1702 2174 ad
1729 2135 1973 2193 quartum

129 2191 311 2242 itidem
351 2199 597 2260 quatuor,
660 2210 691 2242 a
728 2201 912 2261 quarto
959 2193 1027 2243 ad
1074 2193 1347 2261 quintumd
1396 2194 1650 2261 quinque,
1714 2212 1743 2244 a
1792 2194 1971 2262 quinto

129 2279 299 2330 usque
338 2261 405 2312 ad
441 2261 623 2329 polum
660 2280 769 2313 sex.
842 2263 943 2313 Per
992 2261 1087 2313 hos
1133 2280 1341 2331 quoque
1390 2262 1612 2312 circulos
1652 2281 1772 2314 eum
1811 2263 1973 2313 circu-

129 2329 239 2380 lum
287 2330 591 2399 obliquavit,
647 2332 737 2398 qui
785 2349 816 2381 a
867 2332 1053 2382 Grecis
1099 2329 1286 2382 loxos²
1336 2330 1453 2382 vele
1502 2341 1654 2396 zoee,
1702 2350 1732 2382 a
1769 2332 1986 2382 Latinis·

130 2398 373 2467 obliquus
422 2398 508 2450 vel
554 2400 725 2450 vitalis
776 2399 980 2466 dicitur,
1033 2418 1092 2451 eo
1144 2400 1285 2468 quod
1331 2401 1637 2450 animalium
1686 2399 1882 2467 figuras
1921 2401 1976 2450 in

132 2467 291 2519 stellis
348 2469 624 2519 contineat.
713 2469 858 2519 Intra
906 2469 1044 2519 hunc
1102 2469 1372 2538 obliquum
1422 2469 1707 2520 errantium
1757 2467 1974 2519 circulos

131 2537 264 2588 miro
303 2537 521 2588 artificio
562 2537 848 2606 suspendit.
935 2538 1173 2602 Quorum
1223 2537 1435 2588 absidas
1485 2546 1534 2589 et
1572 2536 1887 2603 altitudines,
1944 2555 1974 2587 a.

131 2624 244 2658 sese
283 2607 439 2657 etiam
479 2605 750 2657 distantias
789 2605 1149 2658 efficacissime
1201 2607 1307 2657 suis
1347 2606 1740 2658 demonstravit.
1817 2607 1975 2671 Quod

131 2675 578 2744 quemadmodum
615 2675 786 2739 fuerit,
838 2676 903 2727 ob
951 2674 1341 2744 prolixitateme
1390 2675 1474 2725 hic
1511 2694 1706 2744 ponere
1744 2693 1973 2727 commo-

131 2745 258 2796 dum
282 2763 388 2796 non
425 2753 516 2811 est,
555 2763 619 2796 ne
657 2745 812 2795 nimis
850 2762 879 2794 a
917 2746 1184 2813 proposito
1224 2743 1493 2796 discedere
1531 2744 1824 2796 videamur.

128 2844 213 2896 53.
270 2843 453 2895 Aliaef
500 2861 681 2912 sperae
721 2844 1062 2912 compositiof
1095 2844 1258 2912 signis
1297 2843 1708 2912 cognoscendisf
1741 2844 1929 2895 idonea
1947 2844 1974 2895 f.

270 2928 419 2979 Fecit
453 2935 626 2995 preter
661 2927 791 2978 haec
812 2945 1018 2996 speram
1056 2927 1269 2980 alteram
1297 2927 1621 2993 circularem,
1648 2928 1783 2979 intra
1816 2946 1972 2998 quam

131 2996 354 3048 circulos
402 2997 615 3066 quidem
664 3015 770 3047 non
820 2995 1116 3059 collocavit,
1168 2998 1260 3049 sed
1310 2998 1537 3067 desuper
1585 2998 1765 3049 ferreis
1814 3007 1971 3066 atque

254 3129 291 3183 ¹¹¹)
326 3131 414 3171 Sed
447 3131 530 3170 hoc
564 3130 616 3169 ad
655 3129 841 3170 circulos
869 3129 1214 3172 intellectibiles.
1277 3133 1448 3182 Quanto
1485 3133 1616 3172 etiam
1649 3132 1795 3172 studio
1827 3144 1973 3170 erran-

329 3192 436 3231 tium
471 3190 663 3231 siderum
699 3190 885 3231 circulos
920 3194 1154 3244 aperuerit,
1189 3192 1335 3232 dicere
1369 3206 1455 3233 non
1489 3193 1674 3246 pigebit.
1742 3192 1826 3240 Qui
1862 3192 1902 3232 1.

242 3249 300 3304 **)
334 3252 408 3304 qui
442 3265 466 3291 a
501 3251 653 3291 Grecis
686 3250 902 3304 paralleli,
937 3264 962 3290 a
994 3252 1164 3292 Latinis
1198 3254 1496 3306 aequistantes
1532 3252 1736 3292 dicuntur
1772 3252 1810 3291 1.

233 3352 268 3395 a)
305 3364 341 3395 p.
371 3364 522 3387 mensus
554 3358 585 3387 1.
710 3354 748 3396 b)
790 3356 899 3387 artici
925 3365 1018 3388 corr.
1049 3358 1190 3388 arctici.
1317 3355 1350 3398 c)
1390 3366 1450 3396 no.
1479 3357 1526 3387 tis
1554 3357 1645 3390 absc.
1773 3355 1810 3396 d)
1841 3357 1971 3395 quinto

132 3401 312 3434 similiter
340 3405 371 3435 1.
473 3403 507 3444 e)
532 3407 614 3444 pose
640 3404 721 3434 add.
822 3403 851 3444 f)
880 3404 980 3445 Alia,
1011 3414 1131 3446 comp,
1161 3414 1269 3446 cogn,
1298 3407 1360 3437 ido
1389 3406 1484 3438 absc.

261 3498 305 3549 1)
337 3491 558 3553 κόλουροι.
717 3495 764 3550 2)
796 3492 939 3548 λόξος,
972 3493 1077 3552 ζωή.
