2240 3879
338 239 422 279 128
730 239 985 281 RICHERI
1016 240 1435 281 HISTORIARUM
1467 241 1652 283 LIBER
1683 241 1795 281 IIII.

233 398 315 432 986.
336 377 584 447 Sepultus
622 386 701 430 est
725 379 904 430 Remis
942 381 997 430 in
1036 377 1289 431 coenobio
1327 379 1710 431 monachorum
1747 382 1917 433 sancti
1943 381 2191 451 Remigii,

119 472 132 487 ⁸
145 477 213 510 fol,
241 478 314 512 42‘.
336 466 456 499 cum
493 456 641 518 patre
680 456 731 500 et
769 457 949 515 matre,
1001 449 1137 500 sicut
1185 453 1331 500 ‘ante
1380 449 1607 501 iusserat
1655 450 1790 517 suis3
1842 451 1984 520 quod
2033 452 2192 503 etiam

335 517 486 568 abest
535 519 638 569 240
675 518 896 569 stadiisa
942 518 1008 570 ab
1049 537 1110 571 eo
1148 517 1281 585 locO,
1326 519 1382 568 in
1432 537 1537 588 quo
1582 518 1742 570 finem
1777 520 1916 573 vitae
1954 522 2189 590 accepit3

334 586 499 640 multo
563 587 817 656 obsequio
874 589 1241 641 universorum
1302 588 1524 658 parique
1586 588 1782 641 affectu
1835 609 1931 659 per
1984 599 2190 643 tantum

332 658 491 726 spatii
529 657 802 709 deductus.

890 810 1197 863 INCIPITh
1234 811 1456 863 LIBER
1492 811 1620 862 IIII.

474 911 518 960 1.
595 908 813 979 Sepulto
851 909 1118 975 Lothario,
1167 910 1471 962 Ludovicus
1521 910 1660 961 filius
1713 929 1745 961 a
1793 911 1928 963 duce
1965 911 2188 983 aliisque

334 979 667 1048 principibus
703 980 758 1029 in
788 998 1012 1047 regnum
1039 979 1372 1048 subrogatur.
1420 979 1861 1032 Circumvallatur
1889 999 2016 1050 ergo
2034 993 2053 1016 ⁰
2078 1002 2188 1034 am-

333 1048 449 1100 bitu
469 1050 853 1100 universorum.
905 1049 1226 1101 Promittunt
1245 1049 1671 1102 benivolentiam.
1717 1049 1993 1119 Spondent
2010 1051 2186 1105 fidem.

336 1117 661 1187 Stipatoresd
699 1120 857 1171 etiam
883 1120 1027 1170 vario
1057 1118 1229 1170 cultue
1266 1120 1509 1172 facienda
1535 1118 1852 1172 dietabant-e.
1913 1120 2022 1172 Alii
2047 1123 2187 1174 enim

333 1190 389 1239 in
426 1187 663 1258 palatiisf
697 1190 745 1240 ei
771 1189 1111 1240 residendum
1150 1190 1451 1256 censebant,
1489 1198 1548 1241 ut
1583 1191 1851 1259 principes
1877 1191 1945 1242 ad
1972 1210 2027 1243 se
2066 1210 2187 1244 con-

333 1257 557 1310 fluentes
617 1260 727 1310 eius
785 1260 1010 1328 imperio
1070 1259 1416 1327 deservirent,
1480 1279 1545 1311 ne
1592 1261 1739 1329 regia
1788 1260 2019 1329 dignitas
2063 1262 2188 1315 vile-

336 1337 521 1395 sceret,
560 1329 604 1379 si
640 1328 768 1379 alias
804 1338 988 1397 utpote
1026 1331 1179 1398 inops
1219 1329 1375 1381 alieni
1414 1330 1653 1399 suffragii
1680 1339 1882 1399 peteret
1909 1349 2050 1400 opes.
2122 1332 2186 1384 In

335 1399 477 1449 omni
516 1400 673 1450 etiam
713 1398 967 1467 dignitate
1005 1398 1060 1449 id
1086 1418 1200 1451 esse
1238 1400 1547 1465 cavendum,
1585 1418 1650 1450 ne
1675 1401 1732 1451 in
1757 1401 2047 1469 primordio
2075 1420 2186 1454 0110-

332 1468 471 1536 cepti
496 1468 712 1519 honoris
731 1469 980 1536 segnities
1002 1477 1054 1520 et
1071 1470 1287 1537 ignavia
1304 1471 1556 1521 virtutem
1582 1469 1881 1521 habendam
1907 1489 1969 1521 su
2011 1480 2184 1539 erent;

329 1555 454 1587 nam
493 1539 536 1588 si
573 1538 628 1589 id
664 1538 770 1604 fitg,
809 1546 974 1588 totam
1013 1539 1172 1589 etiam
1208 1557 1320 1590 rem
1358 1539 1413 1589 in
1452 1547 1814 1608 contemptum
1853 1548 1904 1591 et
1927 1542 1980 1592 vi
2001 1540 2184 1593 itatem

327 1607 763 1675 pernitiosissime
803 1607 1163 1661 deventuram.
1237 1607 1344 1659 Alii
1384 1627 1595 1678 quoque
1633 1628 1755 1661 cum
1793 1609 1926 1661 duce
1965 1611 2013 1662 ei
2045 1629 2184 1662 com-

330 1677 680 1728 morandumll
729 1678 1051 1744 asserebant,
1102 1696 1161 1730 eo
1214 1678 1358 1747 quod
1406 1678 1712 1731 adolescens
1758 1681 1891 1731 tanti
1926 1681 2184 1751 principis

328 1746 611 1816 prudentia
648 1746 805 1798 simul
843 1756 892 1798 et
930 1748 1122 1800 virtute
1161 1749 1436 1800 informari
1482 1748 1771 1819 indigeret,
1825 1750 1927 1802 sibi
1973 1769 2183 1821 quoque

327 1815 609 1868 utillimum
652 1816 782 1883 fieri,
831 1818 875 1867 si
923 1819 1152 1886 potentis
1203 1818 1540 1888 dispositioni
1583 1819 1651 1870 ad
1700 1826 1908 1890 tempus
1957 1820 2183 1889 cederet,

329 1904 449 1937 cum
505 1887 616 1938 sine
673 1905 733 1938 eo
788 1905 887 1937 1100
941 1888 1199 1956 regnandi
1260 1890 1550 1958 potentiam
1605 1889 1800 1941 habere
1854 1909 1923 1941 ex
1976 1891 2182 1960 integro

327 1966 521 2025 posset,
564 1964 615 2008 et
650 1976 746 2025 per
784 1975 902 2007 eum
942 1966 1151 2010 strenue
1178 1967 1335 2028 atque
1362 1958 1559 2011 utiliter
1595 1961 1769 2012 omnia
1802 1959 2183 2012 administrarii

328 2025 578 2078 valerent.
653 2027 785 2090 Rex,
825 2028 1063 2095 partibus
1101 2028 1311 2094 auditis,
1352 2030 1663 2081 sententiam
1701 2028 1916 2082 distulit.
1977 2029 2181 2083 Collato

328 2114 452 2147 vero
493 2114 613 2146 cum
652 2095 785 2147 duce
824 2095 1060 2161 consilio,
1100 2098 1147 2148 ei
1184 2097 1377 2149 abinde
1415 2107 1524 2150 tota
1555 2109 1729 2152 mente
1755 2099 1999 2152 addictus
2036 2100 2180 2153 favit.

379 2225 427 2276 2.
492 2224 711 2277 Oratiok
746 2226 1044 2278 Ludovicik
1082 2228 1226 2297 apud
1263 2227 1452 2280 ducem
1491 2237 1799 2298 ceterosque
1814 2230 1838 2262 ¹³
1873 2231 2125 2300 primates

714 2297 803 2346 ink
840 2295 1235 2350 Adalberonem
1274 2298 1785 2368 metropolitanumk.

465 2380 628 2448 Apud
678 2398 833 2449 quem
880 2381 1116 2451 aliosque
1169 2401 1326 2452 quam
1378 2401 1605 2452 anCOS,
1656 2386 2026 2453 preteritorum
2076 2404 2183 2438 non

326 2449 601 2515 inmemor,
653 2451 728 2501 sic
775 2460 1093 2520 conquestus
1145 2461 1248 2504 est:
1313 2453 1485 2506 ‘Pater
1534 2472 1682 2506 meus
1720 2455 1775 2504 in
1812 2455 2180 2524 egritudinem,

328 2536 432 2587 qua
482 2527 533 2570 et
580 2520 750 2588 periit,
801 2521 1075 2587 decidens,
1126 2523 1254 2573 mihi
1302 2524 1568 2593 precepit,
1618 2533 1676 2576 ut
1723 2534 1897 2576 vestro
1947 2525 2179 2593 consilio,

324 2597 501 2639 vestra
535 2588 881 2657 dispositione
918 2593 1069 2661 regni
1105 2594 1530 2661 procurationem
1559 2592 1830 2662 haberem3
1868 2605 1992 2646 vos¹
2023 2596 2181 2647 etiam

324 2656 441 2709 1000
489 2658 752 2720 affinium,
810 2660 927 2712 loco
978 2663 1293 2714 amicorum¹
1342 2662 1591 2715 ducerem
1649 2664 1882 2734 nihilque
1939 2666 2180 2735 precipui

324 2735 500 2796 preter
547 2737 777 2780 vestram
829 2732 1102 2782 scientiam
1152 2732 1402 2784 adorirer.
1492 2734 1550 2785 Si
1599 2742 1776 2785 vestra
1818 2734 1922 2786 fide
1966 2735 2178 2804 potirer,

326 2798 438 2848 sine
477 2798 637 2850 dubio
678 2799 904 2866 divitias,
955 2803 1236 2867 exercitus,
1287 2804 1613 2855 munimenta
1650 2804 1816 2873 regni,
1863 2806 2178 2874 asserebat⁰,

324 2885 408 2917 me
446 2867 765 2920 habiturum.
842 2870 994 2935 Quae
1034 2891 1180 2925 mens
1218 2874 1273 2923 in
1310 2892 1394 2924 me
1433 2874 1666 2925 maxime
1703 2873 1907 2926 valetffl.
1964 2873 2178 2928 Placeat

323 2937 501 3006 itaque
539 2937 815 2990 consilium
853 2942 1189 3010 profuturum
1226 2942 1368 3009 dare,
1409 2961 1530 2994 cum
1569 2962 1599 2994 a
1624 2943 1776 2995 vobis
1802 2945 2059 3014 proposui
2094 2963 2177 2997 me

323 3024 428 3057 non
468 3006 874 3063 discessurumu.
948 3012 1012 3062 In
1037 3010 1188 3063 vobis
1216 3013 1355 3063 enim
1381 3032 1560 3064 meum
1597 3012 1886 3080 consilium,
1926 3015 2176 3082 animum,

322 3075 557 3127 fortunas
595 3078 720 3128 sitas
759 3098 871 3131 esse
906 3080 1065 3132 volui.
1138 3081 1406 3134 Adalbero
1433 3083 1718 3135 Remorum
1745 3083 2177 3153 metropolitanus

422 3239 458 3281 a)
488 3242 606 3273 abest.
782 3245 989 3276 stadiorum
1029 3248 1060 3278 1.
1200 3247 1238 3288 b)
1276 3249 1370 3279 linea
1405 3258 1520 3280 vacua
1556 3250 1678 3280 relicta
1707 3250 1846 3289 peryic;
1885 3250 1913 3280 Ι.
1956 3251 1980 3281 l.
2021 3250 2100 3281 IIII
2136 3249 2176 3282 in

321 3290 505 3328 superiore
531 3292 690 3330 maraine
716 3293 817 3331 siano
845 3296 1008 3332 apposito
1035 3297 1214 3335 scriptum.
1310 3296 1342 3337 c)
1370 3302 1449 3336 post
1477 3298 1561 3329 add.
1652 3296 1690 3338 d)
1719 3297 1774 3330 St.
1806 3315 1848 3321 —
1878 3299 1967 3330 dict.
1995 3299 2035 3330 in
2061 3307 2172 3338 marg.

324 3336 358 3377 e)
390 3340 462 3379 cul,
491 3340 551 3370 dic
578 3340 670 3371 absc.
783 3341 811 3382 f)
841 3351 994 3374 suarum
1023 3346 1174 3376 urbium
1202 3346 1282 3378 adel.
1313 3348 1344 3376 1.
1460 3345 1497 3387 g)
1525 3347 1575 3377 ica
1603 3357 1630 3377 c.
1758 3345 1796 3386 h)
1826 3349 1973 3380 immor.
2001 3356 2174 3387 supersce-

324 3395 417 3417 com.
512 3388 540 3429 i)
569 3397 602 3420 a.
634 3391 713 3428 regi
745 3392 774 3422 l.
871 3390 909 3432 k)
940 3394 1003 3433 Or,
1031 3394 1080 3433 vi,
1109 3398 1178 3434 cet,
1215 3396 1267 3433 in,
1296 3404 1332 3426 m
1359 3395 1449 3426 absc.
1549 3395 1575 3437 1)
1603 3399 1851 3434 cognatorum
1881 3399 1911 3428 1.
2001 3396 2052 3438 m)
2081 3404 2176 3428 sem-

322 3444 466 3474 perque
494 3437 582 3468 dum
609 3438 648 3469 in
676 3439 754 3470 vita
781 3439 888 3471 fuero
915 3442 1153 3480 potissimum
1181 3444 1325 3482 vigebit
1351 3444 1431 3476 add.
1462 3446 1492 3477 l.
1619 3444 1657 3484 n)
1684 3445 1764 3476 fore
1791 3446 1872 3477 add.
1905 3447 1936 3477 1.

447 3543 491 3597 1)
526 3560 599 3587 vos
637 3571 690 3576 —-
725 3549 926 3592 ducerem
960 3558 1003 3593 et
1035 3552 1124 3593 alia
1158 3554 1341 3595 Sallusti
1373 3560 1473 3595 sunt
1505 3555 1651 3606 verba,
1686 3556 1783 3609 Iug.
1821 3569 1859 3596 0.
1898 3557 1965 3596 14.
