2240 3879
168 380 248 411 948.

96 2688 262 2726 ‘f01.27.

269 228 322 267 74
691 224 947 265 RICHERI
980 223 1397 265 HISTORIARUM
1430 223 1613 265 LIBER
1645 225 1704 266 II.

268 364 427 417 tensis
475 364 773 432 episcopus,
823 361 1106 414 Heiroldus
1156 359 1557 431 Salzburgensis
1608 363 1909 431 episcopm,
1959 360 2120 414 Adal-

267 435 447 486 bertus
484 433 793 484 Pazsoensis
833 433 1129 501 episcopus,
1169 430 1529 482 Starchandus
1555 431 1886 483 Eistetiensis
1920 433 2121 499 episco-

267 522 382 573 pus,
420 501 625 554 Horath
665 501 1058 555 Sleoswicensis
1106 501 1404 570 episcopUS,
1444 500 1762 554 wichardus
1813 501 2119 553 Basiliensis

268 574 567 643 episcopus,
603 571 857 624 Liefdach
895 571 1178 640 Ripuensis
1219 572 1514 639 episcopus.

351 674 432 726 70.
488 673 572 724 De
611 672 984 740 dispositionea
1021 670 1407 739 gerendoruma
1446 677 1496 721 et
1532 668 1811 722 habendaa
1847 669 2022 723 iuditii

1036 740 1301 810 prelatura
1316 748 1352 791 ³.

410 813 615 863 Horum
667 811 901 862 omnium
949 810 1138 880 cuique
1190 827 1309 861 cum
1358 808 1541 861 liceret
1591 827 1659 860 ex
1710 807 2002 860 canonibus
2038 807 2125 860 vel

270 883 490 935 decretis
527 880 762 949 proferre
808 897 1173 949 quaecumque
1222 880 1433 948 negotio
1487 877 1768 929 commoda
1802 877 2123 946 viderentur,

270 950 621 1020 disponendib
660 958 840 1002 tamen
876 949 1099 1001 facultas
1139 957 1187 1001 et
1224 950 1489 1001 rationum
1526 949 1889 1017 interpretatio
1929 949 2123 999 domno

269 1021 521 1073 Rotberto
568 1020 850 1071 Treverico
903 1019 1187 1070 commissa
1238 1027 1330 1085 est,
1388 1037 1447 1070 eo
1500 1017 1643 1088 quod
1692 1017 2026 1069 divinarumc
2075 1024 2126 1069 et

268 1092 618 1142 humanarum
656 1108 832 1142 rerum
871 1090 1090 1141 scientia
1129 1097 1179 1140 et
1217 1088 1547 1159 eloquentiae
1574 1088 1803 1140 efficatia
1832 1087 2125 1156 insignissi-

270 1180 384 1212 mus
422 1160 754 1213 haberetur¹.
828 1158 1020 1210 Iudicii
1055 1177 1179 1210 vero
1220 1176 1441 1210 censura
1478 1176 1640 1227 penes
1679 1159 1932 1209 domnum
1967 1156 2127 1208 Mari-

270 1250 411 1297 num,
475 1229 655 1281 domni
716 1246 888 1299 papae
950 1229 1222 1294 vicarium,
1291 1229 1498 1280 mansit.
1597 1228 1668 1279 Et
1730 1226 2125 1279 considentibus

272 1301 487 1366 cunctis,
535 1307 657 1369 post
705 1300 989 1368 premissas
1040 1297 1330 1350 secundum
1381 1298 1617 1350 ordinem
1668 1296 1966 1349 celebrandi
2007 1314 2127 1348 con-

272 1370 378 1422 cilii
413 1388 599 1439 preces
635 1377 858 1438 postque
883 1370 1101 1421 recitata
1133 1368 1460 1420 decretorum
1491 1385 1641 1418 sacra
1667 1366 1914 1436 capitula,
1955 1367 2128 1418 dsere-

269 1440 472 1491 nissimi
509 1457 661 1507 reges
698 1438 1000 1490 Ludovicus
1039 1447 1089 1490 et
1128 1437 1252 1490 Otto
1291 1438 1347 1487 in
1385 1455 1590 1489 sacram
1627 1436 1873 1488 sinodum
1909 1435 2129 1487 admissi

273 1518 408 1561 sunt.
484 1509 689 1574 Quibus
740 1509 899 1559 etiam
951 1506 1360 1573 considentibus,
1412 1506 1635 1557 domnus
1685 1524 1747 1557 ac
1796 1504 2128 1558 venerandus

272 1579 554 1631 Rotbertus
594 1579 667 1628 sic
707 1595 853 1628 orsus
893 1578 1151 1646 cepite-2:

275 1680 353 1731 71.
393 1677 725 1730 Prelocutios
757 1677 1025 1729 Rotbertif
1055 1676 1356 1728 Trevericif
1391 1675 1813 1744 metropolitanis
1833 1677 1889 1726 in
1925 1674 2128 1726 sinodo.

413 1754 625 1819 ‘Multa’,
682 1755 940 1824 inquiens,
996 1759 1149 1819 ‘sunt,
1199 1761 1377 1822 patres
1433 1752 1736 1820 reverendi,
1795 1749 1987 1822 quibus
2043 1750 2130 1802 hic

272 1825 415 1896 apud
452 1824 811 1877 serenissimos
848 1842 998 1893 reges
1036 1823 1091 1873 in
1116 1841 1280 1874 unum
1316 1823 1486 1874 coacti
1514 1824 1821 1875 residemus.
1895 1820 2133 1873 Plurima

274 1898 431 1948 etiam
487 1913 621 1964 quae
676 1902 854 1945 vestra
908 1893 1171 1962 probitate
1227 1891 1519 1945 ordinanda
1572 1892 1819 1946 videntur
1833 1901 1870 1942 g.
1944 1891 2131 1942 Totius

273 1983 409 2034 pene
449 1963 652 2016 Galliae
702 1982 812 2014 rem
858 1962 1127 2031 publicam
1183 1981 1469 2031 pravorum
1507 1964 1801 2014 temeritate
1848 1960 2132 2026 turbatam,

274 2034 619 2104 magnisquell
682 2032 954 2084 subiacere
1024 2031 1272 2101 periculis
1346 2040 1564 2085 constat.
1661 2032 1817 2085 Unde
1880 2038 1931 2082 et
1990 2029 2133 2099 leges

276 2105 484 2156 divinae
506 2112 663 2174 atque
682 2102 944 2154 humanae
969 2103 1250 2154 indiscrete
1278 2103 1334 2153 ai
1362 2102 1644 2154 malivolisi
1672 2108 2132 2170 contempnuntur,

277 2193 397 2226 cum
435 2175 494 2239 is,
535 2174 618 2224 cui
655 2173 978 2241 regnorumk
1016 2173 1132 2223 iura
1170 2171 1430 2223 debentur
1469 2180 1519 2223 et
1556 2171 1853 2242 imperandi
1898 2177 2133 2240 potestas

274 2243 623 2296 transfusione
663 2251 881 2311 paterna
922 2242 1120 2293 credita
1158 2250 1249 2308 est,
1313 2260 1528 2293 suorum
1565 2242 1908 2294 insectatione
1948 2247 2132 2309 captus

276 2312 641 2383 ergastuloque
693 2312 994 2363 immaniter
1040 2319 1214 2363 trusus
1266 2312 1356 2378 sit,
1409 2330 1623 2363 suorum
1682 2311 1881 2363 adhuci
1940 2309 2133 2379 gladiis

276 2385 550 2436 infestetur
566 2384 592 2449 ¹,
632 2382 917 2433 Remorum
966 2399 1174 2451 quoque
1224 2380 1609 2451 metropolimm
1666 2379 1866 2450 absque
1921 2388 2133 2449 pastore

276 2453 414 2505 fures
453 2453 781 2504 atrocissime
819 2453 1154 2517 insectentur,
1211 2451 1380 2503 cultus
1419 2450 1629 2503 divinus
1665 2450 1898 2517 vilescat,
1948 2448 2133 2518 religio

279 2524 533 2575 canonica
572 2540 667 2591 pro
707 2520 869 2572 nihilo
922 2522 1004 2572 sit.
1085 2521 1185 2572 His
1236 2539 1378 2589 ergO,
1429 2530 1622 2590 patreS,
1672 2519 2134 2573 vehementissime

278 2592 628 2645 insistendum
666 2591 905 2657 arbitror,
958 2590 1228 2661 multaque
1274 2590 1455 2642 nobisi
1502 2591 1776 2661 diligentia
1812 2589 2134 2656 enitendum,

280 2665 405 2733 quin
445 2663 614 2733 gratia
655 2663 823 2714 sancti
852 2661 1079 2730 Spiritus
1120 2660 1228 2712 hici
1266 2662 1322 2711 in
1346 2680 1511 2713 unum
1538 2660 1890 2713 confluximus
1905 2669 1941 2726 ⁰,
1980 2662 2135 2728 *qua-

278 2735 417 2784 tinus
455 2751 536 2784 res
575 2740 695 2784 ante
735 2730 1019 2782 dissolutae
1059 2732 1133 2783 sic
1173 2732 1228 2781 in
1253 2730 1438 2783 foedus
1471 2731 1741 2797 redeantl‘,
1780 2738 1838 2782 ut
1862 2737 1913 2783 et
1939 2729 2134 2781 domno

279 2820 341 2853 ac
380 2803 712 2854 serenissimo
751 2802 864 2871 regi
900 2800 1066 2853 libera
1102 2800 1359 2870 regnandi
1394 2801 1645 2853 reddatur
1674 2808 1924 2869 potestaS,
1965 2807 2016 2851 et
2039 2816 2136 2868 per

279 2891 397 2923 eum
440 2871 692 2924 ecclesiae
730 2871 1016 2923 Remensi‘l
1055 2870 1265 2923 debitus
1303 2872 1454 2923 suusi
1491 2871 1797 2922 restituatur
1833 2869 2030 2921 honor'.

376 2975 410 3016 a)
441 2978 506 3016 tio,
535 2976 614 3010 dor,
643 2976 703 3017 da,
732 2980 771 3007 tu
799 2976 889 3007 absc.
991 2975 1029 3016 b)
1060 2977 1265 3008 ordinandi
1295 2978 1327 3009 1.
1425 2975 1458 3017 c)
1489 2977 1524 3008 d.
1555 2980 1591 3008 et
1618 2976 1654 3008 h.
1684 2985 1712 3006 r.
1737 2980 1820 3014 post
1848 2975 1932 3007 add.
2031 2971 2071 3012 d)
2095 2974 2136 3005 in

279 3030 448 3057 sanctam
479 3026 613 3056 sinodo
641 3035 733 3056 corr.
762 3026 938 3056 sinodum
966 3030 1093 3057 auctor
1118 3026 1294 3065 perqebat.
1400 3024 1435 3065 e)
1466 3028 1523 3058 est
1552 3027 1585 3059 1.
1686 3024 1713 3064 f)
1746 3025 1805 3065 Pr,
1831 3024 1875 3065 R,
1903 3025 1947 3065 ri,
1975 3023 2005 3055 li
2041 3022 2136 3056 absc.

280 3073 316 3114 g)
334 3075 597 3113 cognoscimus
613 3083 787 3112 super-scr.
805 3075 995 3106 videntur.
1085 3075 1123 3115 h)
1141 3075 1288 3113 magnis
1304 3075 1487 3114 perieulis
1506 3077 1537 3106 1.
1612 3072 1639 3113 i)
1661 3077 1743 3113 post
1767 3074 1850 3106 add.
1928 3071 1967 3113 k)
1989 3071 2136 3104 Gallia.-

279 3132 362 3154 rum
382 3132 556 3162 super-scr.
586 3131 801 3160 regnorum.
877 3122 903 3163 l)
933 3124 1126 3163 appetitur
1142 3125 1173 3165 1,
1192 3123 1254 3163 qui
1267 3132 1366 3156 suor.
1387 3123 1438 3162 gl.
1455 3132 1542 3164 app.
1566 3126 1648 3162 post
1676 3122 1820 3154 credita
1847 3125 1904 3153 est
1929 3121 2135 3161 scripserat.

281 3171 331 3212 m)
369 3172 592 3211 metropolis
629 3175 779 3210 pastore
821 3172 1021 3203 exturbato
1062 3174 1091 3203 1.
1218 3171 1257 3212 n)
1292 3181 1309 3203 e
1336 3182 1431 3204 corr.
1560 3170 1595 3212 o)
1625 3180 1655 3202 c.
1684 3172 1803 3202 multo
1832 3171 1984 3212 intuitu,
2012 3169 2134 3201 multo

281 3222 448 3252 caritatis
478 3221 615 3252 affectu
644 3220 980 3261 (considerandum
1009 3220 1118 3261 corr.)
1157 3221 1408 3254 insistendum
1436 3220 1601 3252 arbitror
1627 3223 1667 3251 ut
1694 3220 1748 3251 sic
1777 3228 1836 3251 res
1867 3221 1899 3252 1.
2012 3217 2053 3260 p)
2082 3226 2137 3250 re-

281 3270 367 3302 deat
396 3272 428 3302 1.
531 3268 568 3309 q)
599 3270 721 3302 mensi
753 3272 782 3301 1.

408 3350 450 3401 1)
507 3349 633 3388 Haec
687 3348 916 3389 Richerus.
1001 3348 1067 3390 Cf.
1123 3348 1359 3390 concilium
1410 3347 1467 3388 ad
1517 3347 1562 3389 S.
1612 3347 1822 3389 Basolum
1876 3360 1977 3388 ann.
2032 3346 2134 3398 991,

285 3422 320 3451 c.
360 3410 397 3459 1,
431 3409 509 3450 SS.
533 3409 619 3459 III,
647 3423 689 3462 p.
717 3409 817 3459 660,
852 3410 927 3449 ubi
963 3410 1146 3450 eaedem
1181 3410 1272 3450 fere
1305 3413 1453 3463 partes
1486 3408 1670 3450 Arnulfo
1706 3414 1749 3450 et
1784 3409 1967 3462 Signino
1991 3408 2135 3449 archi-

284 3471 503 3524 episcopis
547 3470 808 3510 tribuuntur.
966 3468 1012 3522 2)
1054 3471 1285 3512 Orationes
1319 3470 1397 3511 has
1439 3470 1653 3511 Richerus
1695 3468 1873 3511 finxisse
1914 3468 2137 3523 putandus

285 3535 369 3581 est3
407 3531 460 3570 cf.
495 3532 712 3571 Reimann
745 3545 787 3584 p.
825 3530 894 3570 18.
2119 3543 2122 3545 ’
