2240 3879
505 179 756 221 RICHERI
788 181 1205 222 HISTORIARUM
1237 181 1420 222 LIBER
1452 183 1487 223 1.
1864 183 1920 222 27

86 313 385 368 ambitionis
422 313 559 367 elatu
595 317 788 369 Remos
826 318 1097 382 deductUS,
1134 318 1189 366 in
1224 315 1440 369 basilica
1468 319 1630 369 sancti
1655 319 2017 387 Remigiiam.

85 402 182 435 rex
219 392 438 434 creatur.
510 384 560 435 A
599 387 744 436 cuius
783 386 1114 437 coronatione
1161 397 1372 452 peracto
1421 387 1608 451 triduo,
1657 388 1916 439 Heriveus

84 453 369 503 Remorum
406 454 835 522 metropolitanus
873 454 1071 505 diutina
1110 453 1400 521 egritudine
1426 463 1644 505 vexatus
1675 457 1916 507 interiit1.

89 521 194 585 Qui
239 521 283 571 si
319 521 504 572 eodem
550 530 786 591 tempore
832 521 1093 585 valuisset,
1140 530 1282 572 tanto
1329 521 1545 573 facinori
1594 526 1916 590 oportunitas
1934 536 2003 568 Iul.
2034 537 2065 567 2-

84 607 191 640 non
226 591 493 657 patuisset.
569 590 667 642 Cui
703 593 859 642 etiam
883 608 1010 641 mox
1036 590 1266 641 succedit
1293 589 1513 642 donatus
1539 590 1605 641 ab
1632 591 1915 642 Rotbertob

89 656 310 724 Seulfus,
358 660 446 728 qui
490 668 613 710 tunc
650 659 794 710 urbis
840 658 1074 709 eiusdem
1111 658 1282 709 officio
1330 659 1676 727 fungebaturc
1725 660 2026 710 *archi-‘soh
2053 675 2107 704 11.

86 727 407 793 diaconatus,
443 729 542 800 vir⁴
559 728 830 779 strenuusd
866 727 1130 795 multaque
1166 746 1339 778 rerum
1377 730 1591 779 scientia
1626 727 1847 779 inclitus.

224 797 306 848 452.
378 797 612 848 Intereae
650 795 876 847 Karolus
923 815 953 847 a
992 795 1157 847 Gallis
1202 804 1376 865 preter
1419 798 1763 865 paucissimos
1802 797 2015 847 Bel-923.

84 883 270 934 garum
317 865 580 917 desertum
627 883 738 916 sese
787 865 1138 933 comperiens,
1197 865 1340 933 apud
1385 867 1694 934 precipuosf
1737 884 1916 917 eorum

87 936 211 1003 qui&r
246 953 277 985 a
314 952 367 985 se
412 952 518 985 non
563 934 856 984 defecerant
908 933 1186 1002 plurimam
1233 934 1298 985 de
1346 953 1438 986 suo
1485 935 1764 986 infortunio
1811 936 1917 1002 agi-

85 1002 232 1054 tabat
276 1003 566 1071 querelam,
612 1004 935 1053 miseriorem
982 1021 1093 1053 sese
1138 1003 1391 1071 inquiens,
1441 1005 1483 1054 si
1529 1003 1626 1055 hac
1672 1012 1919 1072 urgeatur

86 1071 393 1137 calamitate,
433 1090 590 1140 quam
627 1073 670 1122 si
709 1071 885 1122 oculos
924 1070 1132 1123 claudat
1168 1091 1413 1140 suprema
1449 1081 1631 1138 morte,
1679 1091 1796 1122 cum
1832 1071 1920 1122 illa

85 1140 289 1191 dolores
323 1148 622 1209 augescant,
661 1142 759 1192 ista
785 1141 1116 1207 demantur*;
1175 1142 1342 1192 carius
1380 1144 1617 1210 *quoque
1653 1141 1752 1192 sibi
1786 1141 1919 1191 ferro
1940 1147 2001 1188 ‘p-
2030 1149 2112 1182 581-

86 1209 273 1274 occidi,
321 1228 477 1278 quam
521 1228 682 1278 regno
729 1229 759 1261 a
804 1228 1087 1279 pervasore
1132 1211 1352 1278 privari;
1425 1220 1542 1278 post
1586 1212 1736 1278 regni
1780 1210 1920 1260 enim

84 1279 432 1347 privationem
469 1279 799 1330 solummodo
839 1297 1109 1348 superesse
1145 1281 1200 1329 in
1236 1279 1451 1330 exilium
1487 1279 1917 1348 deportationem.

83 1348 148 1399 In
173 1365 275 1416 quo
302 1349 459 1399 etiam
484 1348 551 1399 ab
578 1349 657 1413 iis,
697 1366 827 1417 quos
854 1366 1057 1399 summo
1084 1367 1292 1417 semper
1325 1347 1510 1399 habuit
1547 1366 1738 1414 amore,
1777 1346 1920 1416 apud

84 1434 215 1485 quos
263 1416 455 1467 diutius
503 1425 838 1468 conversatus
885 1418 985 1483 sit,
1023 1417 1211 1486 quibus
1251 1436 1457 1486 quoque
1494 1416 1623 1468 nihil
1668 1434 1920 1485 umquam

84 1485 210 1537 mali
245 1485 453 1537 molitus
478 1486 647 1552 fuerit,
687 1486 879 1538 debere
906 1504 1019 1538 sese
1045 1487 1290 1554 suffragia
1316 1488 1553 1555 accipere
1580 1484 1919 1537 memorabat.

222 1555 305 1606 43.
380 1554 467 1606 Ad
503 1555 631 1607 haec
670 1557 828 1606 sui**:
884 1556 1251 1606 ‘Pernitiosum
1288 1558 1393 1621 est’,
1430 1556 1695 1624 inquiunt,
1744 1556 1789 1604 ‘o
1826 1572 1922 1604 rex

83 1624 264 1674 iuratis
302 1643 333 1675 a
372 1624 582 1675 domino
611 1624 849 1690 deficere,
889 1624 1346 1676 sceleratissimum
1382 1642 1505 1675 vero
1545 1632 1721 1675 contra
1759 1623 1922 1673 domi-

84 1710 211 1743 num
248 1701 400 1744 stare.
476 1693 533 1745 Si
571 1693 636 1744 de
673 1694 933 1745 desertore
972 1711 1033 1744 ac
1071 1692 1352 1762 transfugis
1398 1694 1584 1762 agitur,
1629 1693 1920 1760 horumque

84 1763 356 1813 nominum
403 1763 447 1812 si
491 1762 793 1814 advertatur
837 1764 1212 1830 interpretatio,
1272 1762 1523 1830 quicquid
1570 1761 1735 1812 moliti
1784 1769 1917 1825 sunt,

84 1840 259 1900 preter
303 1832 384 1881 ius
438 1840 515 1882 est
560 1840 611 1882 et
657 1850 866 1901 equum.
937 1831 1092 1884 Unde
1140 1840 1190 1882 et
1237 1833 1346 1881 sine
1394 1830 1570 1896 dubio,
1618 1831 1661 1880 si
1708 1847 1919 1898 pugnae

83 1901 368 1952 necessitas
394 1919 482 1952 eos
508 1900 775 1970 adurgeat,
814 1901 1119 1951 Divinitatis
1147 1899 1395 1950 ultionem
1420 1917 1525 1949 non
1562 1898 1800 1949 evadent.
1855 1897 1919 1948 Id

82 1987 207 2020 vero
247 1970 530 2021 certissime
567 1971 792 2034 noveris,
828 1969 968 2020 nullo
996 1969 1153 2020 modo
1181 1986 1401 2037 regnum
1427 1987 1457 2019 a
1483 1976 1533 2019 te
1559 1967 1922 2035 repetendum,

81 2039 185 2088 nisi
221 2037 356 2089 bello
393 2040 569 2107 ipsum
607 2039 930 2107 aggrediaris
967 2040 1245 2090 tirannum.
1319 2037 1563 2105 Regnum
1575 2038 1645 2060 *²⁸*
1683 2044 1919 2104 ereptum

83 2125 190 2158 non
212 2107 487 2176 irrumpes,
514 2109 615 2158 nisi
640 2108 774 2159 ferro
799 2109 942 2159 viam
965 2107 1218 2159 violenter
1243 2108 1448 2174 aperias
1464 2116 1497 2157 2.
1569 2105 1640 2156 Et
1667 2106 1788 2174 quia
1814 2107 1920 2155 iam

83 2193 222 2226 nunc
257 2194 339 2228 res
377 2195 613 2245 pugnam
651 2177 850 2242 suadet,
889 2184 1212 2228 sacramento
1238 2175 1370 2227 fides
1397 2174 1696 2226 adhibenda
1734 2182 1826 2238 est,
1865 2180 1922 2224 ut

83 2245 235 2297 nobis
298 2247 479 2297 iuratis
526 2264 607 2297 res
651 2247 706 2297 in
743 2246 994 2314 ambiguo
1030 2264 1136 2297 non
1174 2246 1253 2296 sit.
1326 2245 1468 2295 Dein
1511 2243 1727 2295 saltemh
1776 2244 1920 2311 quin-

86 2315 336 2384 quaginta
381 2315 610 2383 eligendi
665 2324 813 2381 sunt,
872 2316 961 2384 qui
1016 2316 1301 2365 certissime
1354 2315 1617 2365 tirannum
1670 2318 1923 2380 appetant
1979 2365 1986 2370 ,

83 2385 294 2452 vimque
333 2386 381 2435 ei
417 2384 653 2449 inferant,
692 2393 763 2449 ut,
804 2402 923 2434 cum
959 2383 1082 2434 belli
1117 2382 1365 2435 violentia-
1401 2382 1529 2433 alios
1555 2383 1609 2432 in
1634 2381 1762 2431 alios
1801 2398 1921 2431 exa-

84 2453 342 2520 gitaverit,
369 2454 455 2503 isti
479 2455 684 2504 tiranno
710 2461 913 2504 tantum
936 2452 1174 2504 laborent
1200 2453 1571 2519 inventumque
1597 2449 1918 2517 transfigant.

87 2521 229 2586 Quid
266 2523 404 2572 enim
442 2522 691 2589 proderit,
740 2539 919 2572 omnes
956 2521 1177 2572 interfici
1216 2528 1266 2571 et
1302 2519 1556 2570 malorum
1596 2536 1806 2570 causam
1845 2535 1919 2568 re-

86 2590 330 2642 servari?
402 2591 472 2641 Et
510 2591 716 2641 decreto
756 2591 1020 2640 communi
1056 2591 1110 2640 in
1145 2589 1455 2640 Rotbertum
1493 2589 1779 2638 coniurant.

223 2660 305 2711 44.
379 2660 530 2711 Moxi
569 2677 775 2728 quoque
821 2667 870 2709 et
914 2660 1060 2726 regio
1106 2659 1251 2708 iussu
1295 2657 1647 2708 accersiuntur
1692 2674 1758 2706 ex
1805 2653 1920 2705 Bel-

84 2729 217 2796 gica,
264 2730 580 2798 quicumque
627 2728 693 2779 ab
741 2746 864 2795 rege
910 2728 1051 2777 nonk
1090 2726 1340 2777 defecisse
1376 2725 1703 2776 videbantur.
1780 2724 1919 2788 Quo-

208 2832 247 2886 *)
280 2834 366 2873 Vix
399 2835 530 2874 etiam
563 2847 684 2887 spem
719 2832 912 2885 aliquam
935 2831 1020 2872 sibi
1047 2830 1259 2878 relictam,
1295 2843 1391 2870 cum
1416 2843 1441 2869 a
1462 2831 1632 2870 tiranno
1656 2834 1792 2869 totum
1825 2840 1923 2881 per-

282 2907 434 2934 vasum
468 2895 536 2945 sit,
569 2898 764 2947 potestas
799 2891 1056 2932 dominandi
1089 2895 1132 2931 et
1165 2891 1343 2932 libertas
1377 2890 1569 2931 habendi
1601 2889 1706 2929 add.
1743 2889 1782 2930 1.

186 2951 246 3006 **)
281 2954 518 3006 Belgarum
551 2958 780 3006 magnates
818 2952 855 3002 1,
889 2965 985 2992 corr
1019 2952 1057 2992 2.

166 3011 246 3066 ***)
279 3015 333 3055 R.
358 3027 417 3056 er.
439 3014 613 3067 ingredi
643 3027 730 3054 non
757 3012 925 3053 valebis
959 3009 1088 3064 (corr.
1111 3025 1197 3051 non
1221 3018 1407 3065 repetes,
1442 3025 1550 3052 corr.
1576 3023 1660 3050 non
1683 3004 1920 3060 irrumpes)

283 3076 368 3115 nisi
398 3097 445 3103 —
490 3075 713 3128 aperueris
747 3072 877 3125 (corr.
911 3069 1106 3125 aperias)
1140 3071 1245 3112 adel.
1280 3072 1320 3111 2.

183 3163 219 3204 a)
247 3164 289 3195 R.
319 3173 346 3195 c.
446 3163 484 3203 b)
514 3172 602 3202 rege
632 3166 663 3194 1.
767 3162 799 3202 c)
829 3162 921 3200 fung
955 3163 992 3193 in
1021 3162 1097 3201 fine
1131 3162 1284 3200 payinae
1309 3170 1336 3194 c.
1462 3160 1498 3198 d)
1528 3159 1697 3191 liberalis
1726 3167 1768 3189 ac
1796 3161 1838 3188 st.
1868 3159 1902 3188 1.

88 3211 123 3253 e)
151 3213 329 3252 sequentia
356 3213 393 3244 in
413 3212 507 3251 solio
535 3213 669 3243 minore
696 3216 814 3242 assuto
837 3212 943 3250 prius
971 3219 1074 3250 quam
1104 3209 1349 3249 praecedentia
1384 3209 1514 3248 scripta
1544 3213 1656 3239 erant.
1769 3204 1797 3244 f)
1826 3214 1865 3244 p.
1883 3213 1918 3237 e.

88 3269 105 3292 e
129 3270 221 3293 corr.
249 3262 282 3294 2.
384 3260 421 3301 g)
450 3271 484 3299 q.
514 3269 536 3291 a
562 3269 601 3292 se
629 3270 664 3292 n.
692 3260 726 3290 d.
750 3263 831 3299 post
860 3259 938 3290 add.
1040 3256 1078 3298 h)
1107 3267 1135 3289 s.
1166 3268 1200 3296 q.
1230 3266 1262 3290 e.
1290 3266 1319 3289 ε.
1342 3262 1423 3296 post
1452 3257 1617 3288 inferant
1642 3255 1773 3294 scripta
1804 3258 1923 3289 erant,

87 3319 180 3342 corr.
199 3311 232 3344 2.
308 3309 336 3351 i)
363 3310 543 3349 sequentia
570 3310 641 3339 alio
668 3311 864 3339 atramento
883 3307 935 3348 (2)
948 3308 1080 3346 partim
1098 3307 1133 3336 in
1151 3307 1223 3337 loco
1251 3315 1334 3336 raso
1353 3307 1484 3345 scripta
1511 3308 1606 3336 sum.
1682 3303 1719 3343 k)
1743 3307 1825 3342 post
1842 3302 1930 3333 add.

212 3387 256 3442 1)
289 3388 417 3429 Flod.
450 3389 564 3430 Hist.
599 3389 721 3428 Rem.
757 3388 835 3435 IV,
871 3387 939 3426 17.
978 3385 1045 3426 18.
1179 3382 1226 3436 2)
1247 3384 1374 3437 ferro
1408 3382 1488 3424 iter
1521 3381 1810 3435 aperiundum
1846 3386 1923 3422 est.

91 3447 268 3489 Sallust.
304 3449 433 3490 Catil.
469 3462 507 3490 c.
543 3448 614 3488 58.
