2240 3879
276 230 339 268 VI
687 225 942 266 RICHERI
973 226 1394 267 HISTORIARUM
1426 226 1594 265 LIBRI
1631 224 1744 264 IIII.

274 365 611 416 Adalberoni
649 366 1053 433 archiepiscopo
1093 385 1123 415 a
1166 365 1410 416 consiliis
1449 371 1591 427 esset,
1633 371 1789 431 atque
1826 364 2127 430 itineribus,

275 435 513 503 epistolis
551 442 597 484 et
633 437 943 503 maqisterio
984 436 1202 486 summis
1228 437 1285 486 ¹in
1317 433 1519 498 Gallia,
1561 431 1862 484 Germania
1889 440 1935 483 et
1959 432 2127 485 Italia

275 505 410 554 viris
442 503 838 572 familiaritate
865 506 1212 574 junqeretur,
1266 507 1522 572 optimam
1560 503 1758 572 juveni
1804 521 1986 554 rerum
2037 505 2128 555 sui

273 576 526 642 temporis
581 575 1074 641 coqnoscendarum
1136 582 1183 624 et
1231 573 1749 642 perspiciendarum
1798 571 2127 639 facultatem

275 643 438 694 dedit.
512 644 726 694 Medius
764 652 939 694 tamen
976 645 1116 693 inter
1153 644 1354 707 turbas,
1397 661 1533 712 quae
1572 640 1903 692 Karolorum
1942 662 2127 694 casum

275 720 320 762 et
361 715 484 764 novi
521 715 681 782 reqni
718 714 881 764 initia
920 713 1333 778 comitabantur,
1371 714 1640 764 Richerus
1669 713 1779 762 arti
1803 711 2040 764 medicae
2073 731 2126 762 se

275 783 510 842 addiscit,
561 801 721 851 quam
773 801 875 850 quo
927 783 1104 834 studio
1143 784 1211 834 sit
1250 782 1544 850 amplexus,
1594 801 1658 834 eoe
1688 781 1951 851 plurimis
1987 801 2125 834 mor-

274 851 459 902 borum
499 852 953 920 descriptionibus
995 854 1145 920 operi
1184 854 1437 904 insertisl
1478 850 1768 921 colliqitur.
1824 850 1985 902 Anno
2007 851 2124 902 991.

273 939 447 972 mense
498 922 701 972 Martio
760 922 824 972 ab
878 923 1049 973 amico
1102 922 1470 987 Heribrando7
1524 922 1744 986 medico7
1807 920 2129 972 Carnotensi

273 989 480 1055 clerico,
518 990 707 1042 litteris
735 1000 780 1042 et
804 992 979 1060 leqato
1009 994 1313 1057 arcessit-us,
1347 991 1640 1044 C'arnotum
1669 992 1824 1056 adiit,
1857 991 1946 1042 ubi
1975 991 2128 1059 apud

272 1079 503 1129 maqnae
549 1060 891 1112 liberalitatis
939 1069 984 1112 et
1033 1063 1288 1113 scientiae
1334 1063 1513 1112 virum
1553 1062 1913 1130 Hippocratis
1961 1061 2127 1130 apho-

273 1131 466 1181 rismos
516 1137 562 1179 et
607 1130 797 1181 librum
852 1131 914 1181 de
960 1132 1254 1182 concordia
1295 1132 1655 1199 Hippocratis
1696 1130 1897 1182 Galeni
1934 1138 1981 1181 et
2018 1130 2124 1182 Su-

271 1200 423 1251 riani
461 1200 759 1250 studiosius
811 1199 1028 1266 evolvit7·
1081 1202 1238 1268 cujus
1290 1203 1499 1252 itineris
1556 1200 1820 1252 molestias
1868 1202 1984 1268 ipse
2036 1218 2124 1251 eae-

267 1270 454 1336 posuit
472 1277 505 1318 ².
577 1268 750 1319 Paulo
780 1278 910 1338 post
948 1289 1083 1335 cum)
1122 1270 1380 1338 Arnulfo‚
1420 1271 1782 1322 Adalberonis
1813 1288 2125 1332 successore,

271 1339 528 1406 deposito,
587 1337 873 1389 Gerbertus
925 1359 1108 1409 requm
1158 1341 1413 1409 Huqonis
1461 1348 1506 1390 et
1552 1340 1808 1403 Rotberti,
1867 1339 2128 1408 discipuli

271 1427 329 1458 su
341 1409 373 1472 i7
396 1408 601 1475 favore
630 1409 1153 1477 archiepiscopat‘um
1182 1411 1493 1461 Remensem
1520 1412 1852 1478 suscepisset)
1890 1410 2125 1460 Richero

271 1478 528 1528 historiae
570 1476 849 1529 Gallorum
889 1479 1306 1530 conscribendae
1349 1487 1536 1531 auctor
1569 1479 1764 1548 factus
1803 1487 1891 1530 est.
1971 1476 2128 1538 Quod

269 1547 482 1614 quidem
520 1565 715 1597 munus
755 1548 830 1599 ‘ob
869 1566 1128 1599 summam
1168 1567 1329 1616 quam
1371 1548 1563 1617 afferre
1602 1550 1887 1600 videbatur
1923 1548 2127 1600 utilita-

269 1623 366 1666 tem
421 1623 467 1666 et
519 1619 778 1668 materiae
840 1617 1123 1669 ubertatem
1175 1637 1229 1669 eo
1289 1620 1464 1669 animi
1520 1620 1644 1669 nisu
1705 1619 1957 1687 suscepit,
2016 1636 2125 1686 qua

260 1685 499 1754 jubentis
546 1687 687 1736 mira
741 1686 1094 1738 benivolentia
1145 1706 1196 1737 se
1242 1689 1505 1756 pertrahi'
1548 1688 1730 1753 dicit3‚
1785 1690 2126 1757 triennioque

272 1753 510 1806 absolvit.
585 1754 865 1824 Siquidem
907 1758 1073 1807 annis
1111 1756 1227 1807 995.
1257 1765 1303 1807 et
1328 1756 1445 1808 996.
1473 1757 1680 1809 litteras
1708 1758 1781 1808 ad
1811 1756 2126 1808 Gerbertum

84 1838 143 1881 ·p.
172 1841 254 1874 563.
273 1827 423 1892 operi
456 1824 755 1892 praefixas)
796 1826 1025 1878 *librum
1052 1827 1094 1876 I.
1135 1835 1180 1877 et
1217 1827 1346 1878 libri
1371 1827 1445 1877 II.
1487 1830 1675 1896 capita
1707 1827 1892 1891 1—78,
1933 1827 2127 1896 quibus

269 1895 498 1945 historia
538 1913 702 1962 usque
743 1895 816 1945 ad
855 1915 1062 1946 annum
1093 1896 1210 1948 948.
1241 1898 1586 1965 perducitur,
1627 1898 1966 1964 conscripsit,
2003 1897 2125 1947 reli-

271 1983 378 2033 qua
417 1963 545 2014 libri
582 1965 654 2014 II.
694 1966 895 2033 capita,
933 1964 1129 2016 librum
1167 1967 1268 2016 III.
1309 1975 1355 2017 et
1394 1967 1486 2017 IV.
1528 1968 1811 2018 historiam
1851 1985 2124 2018 annorum

270 2032 561 2083 948-995.
601 2035 915 2102 compleoeosy
957 2037 1121 2086 annis
1159 2035 1452 2088 996—998.
1481 2038 1762 2088 addidisse
1790 2044 1836 2087 et
1859 2043 1972 2086 tum
1998 2054 2124 2104 quo-

271 2122 368 2172 que
406 2111 568 2154 totum
596 2122 731 2173 opus
758 2112 1076 2156 retractasse
1115 2104 1460 2175 ultimamque
1499 2108 1546 2157 ei
1571 2125 1794 2158 manum
1822 2106 2122 2158 admovisse

271 2173 482 2223 videtur
502 2174 536 2222 ⁴.

413 2240 707 2293 Consilium
747 2251 790 2293 et
828 2245 1092 2295 rationem
1132 2246 1309 2312 operis
1340 2247 1453 2314 ipse
1476 2245 1772 2313 praefatu-s
1799 2246 1877 2296 ita
1896 2245 2120 2312 prodit:

266 2309 413 2361 Bella
450 2330 480 2361 a
509 2310 674 2362 Gallis
714 2320 917 2381 patrata
955 2314 1234 2383 variosque
1274 2332 1456 2366 eorum
1492 2315 1747 2367 tumultus
1784 2332 1847 2365 ae
1886 2314 2122 2366 diversas

265 2381 597 2448 negotiorum
636 2383 861 2433 rationes
889 2382 955 2433 ad
982 2385 1290 2434 memoriam
1317 2383 1569 2436 reducere
1598 2385 1793 2453 scripto
1822 2383 2123 2454 specialiter

267 2451 593 2518 propositum
633 2459 723 2502 est.
799 2451 855 2503 Si
894 2469 998 2521 qua
1032 2471 1157 2505 vero
1197 2452 1420 2505 aliorum
1459 2454 1754 2519 efferantur,
1793 2452 1861 2505 ob
1887 2452 2122 2505 inciden-

266 2528 342 2569 tes
380 2520 623 2585 rationes,
664 2539 797 2589 quae
836 2522 991 2572 vitari
1025 2540 1131 2573 non
1180 2532 1477 2592 potuerunt,
1525 2524 1581 2575 id
1619 2524 1856 2575 evenisse
1892 2530 2120 2593 putetur.

267 2588 491 2640 Initium
532 2593 710 2657 operis
749 2591 814 2642 ab
843 2610 899 2642 eo
926 2600 1157 2660 tempore
1195 2595 1398 2659 sumsit,
1438 2612 1541 2664 quo
1571 2595 1909 2645 Hincmarus
1941 2613 2119 2645 anna-

265 2658 404 2708 libus
462 2661 576 2709 suis
617 2660 786 2724 finem
841 2662 1117 2713 dederat5.
1193 2664 1262 2713 Et
1309 2683 1427 2715 cum
1463 2684 1570 2732 per
1617 2672 1824 2716 centum
1881 2663 2121 2732 amplius

270 2746 440 2778 annos
478 2728 673 2780 librum
712 2730 1083 2783 deducendum
1113 2740 1460 2800 proponeret,
1497 2733 1641 2786 Julii
1671 2733 1925 2786 Caesaris
1952 2738 2120 2783 eoeem-

258 2796 356 2863 plo
397 2817 430 2847 a
469 2798 735 2850 divisione
772 2800 930 2851 Orbis
970 2810 1015 2851 et
1054 2802 1410 2870 descriptione
1440 2802 1653 2855 Galliae
1686 2801 2121 2871 populorumque

267 2885 382 2915 eam
424 2865 765 2919 incolentium
803 2880 1091 2937 eoeorsusf’,
1134 2873 1416 2924 historiam
1465 2872 1669 2924 Odonis
1708 2879 1754 2922 et
1790 2872 1988 2925 Karoli
2023 2872 2120 2923 IV.

394 2968 435 3022 1)
472 2985 508 3010 e.
532 2985 576 3023 g.
602 2973 637 3019 I,
668 2974 734 3011 11.
765 2975 833 3014 13.
862 2973 929 3014 18.
955 2976 1025 3017 49.
1047 2977 1117 3015 56.
1140 2978 1210 3016 65.
1246 2978 1308 3027 11,
1328 2978 1402 3020 37.
1425 2977 1497 3018 46.
1521 2977 1592 3018 59.
1615 2978 1686 3018 99.
1711 2977 1809 3018 103.
1843 2977 1933 3028 111,
1956 2978 2024 3017 13.
2045 2977 2119 3018 96.

270 3031 368 3070 109.
432 3032 508 3081 IV,
535 3032 575 3072 5.
595 3032 664 3072 ⁶24.
685 3034 741 3073 50
761 3048 857 3087 sqq.
892 3036 964 3075 94.
1091 3035 1136 3090 2)
1172 3039 1248 3088 IV,
1284 3040 1353 3079 50.
1479 3037 1528 3090 3)
1556 3038 1785 3090 Prologus.
1913 3037 1960 3091 4)
1989 3040 2120 3079 Haec

267 3091 369 3130 inde
404 3091 562 3144 efficio,
609 3094 738 3145 quod,
785 3108 881 3134 cum
926 3098 1041 3149 prior
1065 3101 1208 3150 operis
1233 3113 1332 3152 pars
1357 3103 1600 3140 atramento
1634 3099 1772 3152 fusco,
1807 3098 1980 3152 reliqua
2014 3100 2118 3140 inde

268 3165 293 3190 a
322 3154 465 3205 capite
494 3154 563 3192 79.
599 3154 697 3193 libri
731 3155 790 3193 II.
828 3157 1024 3207 nigriori,
1059 3172 1144 3211 quo
1181 3164 1223 3199 et
1258 3161 1554 3200 correctiones
1589 3164 1631 3200 et
1663 3159 1968 3200 additamenta
1999 3162 2121 3214 prio-

266 3214 323 3252 ris
357 3215 510 3265 partis,
563 3217 812 3267 conscripta
844 3219 941 3269 sint,
980 3218 1134 3259 eadem
1169 3222 1400 3260 atramenti
1436 3220 1670 3261 diversitas
1703 3221 1748 3260 in
1781 3221 1948 3261 notitiis
1982 3220 2118 3262 histo-

265 3274 367 3313 ricis
402 3274 649 3325 offenditur,
702 3289 813 3327 quae
848 3277 1027 3317 ultimae
1063 3280 1230 3321 codicis
1264 3283 1456 3334 paginae
1491 3294 1514 3320 a
1548 3282 1738 3321 Richero
1773 3280 1942 3332 illatae,
1987 3294 2115 3336 prae-

268 3334 396 3385 cipua
420 3348 630 3374 annorum
654 3336 755 3376 995.
781 3342 823 3376 et
847 3338 947 3376 996.
976 3339 1092 3380 facta
1125 3347 1368 3382 atramento
1404 3342 1525 3382 fusco
1560 3346 1603 3382 et
1635 3343 1710 3381 vix
1740 3340 1947 3394 legendo,
1985 3342 2115 3395 quale

266 3394 310 3432 in
345 3396 484 3446 prima
518 3402 640 3447 parte
683 3398 827 3448 operis
869 3401 1070 3449 occurrit,
1118 3401 1289 3454 reliqua
1337 3415 1550 3442 annorum
1598 3402 1884 3443 996—998.
1919 3403 2115 3455 nigriori,

268 3455 386 3552 ῗιιειίἰ
411 3455 583 3568 τείίφὲῗ
608 3458 1141 3557 ἱρίῖὶεΙρῐῙοοηὲρῐίοηεε
1168 3464 1416 3516 conscripta
1439 3468 1552 3512 sunt,
1588 3463 1810 3505 exhibent.
1937 3463 1984 3516 5)
2009 3464 2118 3504 Pro-

287 3527 408 3566 ogus.
650 3531 662 3555 1
699 3546 708 3556 .
780 3549 788 3566 ‚
875 3541 923 3548 -—
979 3551 987 3560 .
