2240 3879
146 415 227 448 978.

51 969 111 1009 ’p.
141 970 224 1002 624.

141 1177 223 1212 980.

250 262 333 300 114
671 259 925 300 RIOHERI
959 258 1379 300 HISTORIARUM
1411 259 1596 300 LIBER
1627 261 1711 299 III.

246 400 411 450 minui
449 399 635 464 5016115,
672 398 843 450 redire
880 398 1127 466 disponit.
1200 396 1271 448 Et
1308 396 1442 448 datis
1483 397 1647 464 signis
1688 404 1858 448 castra
1894 414 2103 450 amove«

244 476 380 520 runt.
453 468 714 536 Angarias
771 485 979 537 quoque
1034 465 1326 518 accelerare
1381 465 1550 517 moliti
1605 474 1748 533 sunt,
1805 467 2100 536 amotisque

247 538 506 604 omnibus,
545 538 693 589 ibant
729 555 834 588 non
874 536 1103 605 segniter
1150 554 1248 587 nec
1296 536 1407 586 sine
1460 543 1619 587 metu.
1692 536 1916 588 Axonae
1953 535 2101 587 fluvii

242 607 380 660 vada
416 607 721 659 festinantes
759 606 847 656 alii
894 606 1306 671 transmiserant,
1356 604 1446 655 alii
1488 623 1612 656 vero
1649 605 2099 673 ingrediebantur,

245 696 364 729 cum
412 678 675 729 exercitus
726 693 756 725 a
798 684 959 743 regea
1002 677 1194 726 missus
1243 692 1273 724 a
1318 683 1467 741 tergo
1517 674 1886 726 festinantibus
1936 675 2100 726 affuit.

246 747 352 812 Qui
402 747 597 815 reperti
641 745 804 809 fuere,
859 763 988 796 mox
1037 744 1225 813 gladiis
1273 744 1502 795 host-ium
1551 744 1654 794 fusi
1701 751 1832 811 sunt,
1890 743 2101 813 pluresa

246 817 508 887 quidema,
556 823 642 866 ata
688 813 864 865 nulloa
913 816 1159 866 nominea
1198 813 1369 864 claril.
1447 812 1572 865 Otto
1609 815 1808 866 interea
1855 831 1976 865 cum
2013 831 2102 864 ex-

246 888 411 938 ercitu
448 886 741 953 digressus,
797 883 1071 953 Belgicam
1118 884 1270 953 petiit
1313 883 1493 952 ibique
1540 884 1872 952 procinctum
1921 881 2100 950 solvit,

243 963 388 1008 tanto
428 953 607 1005 favore
646 958 727 1004 *et
765 951 1121 1005 benivolentia
1157 953 1301 1022 apud
1340 971 1463 1004 suos
1489 972 1632 1018 usus,
1671 961 1744 1019 ut,
1772 953 1908 1004 510111
1931 953 2102 1003 immi-

240 1025 384 1077 nenti
421 1022 673 1093 periculo,
712 1023 785 1074 ita
823 1042 1032 1093 quoque
1071 1031 1122 1074 et
1148 1024 1392 1075 omnibus
1420 1023 1595 1092 capita
1621 1041 1734 1074 sese
1770 1022 2100 1074 obiecturosb

240 1094 626 1165 pollicerentur.

382 1163 462 1216 78.
536 1162 814 1213 Lotharius
865 1161 1201 1213 considerans
1254 1162 1502 1214 Ottonem
1558 1180 1730 1231 neque
1787 1161 1919 1214 dolis
1974 1160 2099 1228 falli,

239 1252 411 1303 neque
449 1232 656 1283 Viribus
695 1250 851 1301 posse
891 1230 1114 1297 devinci,
1156 1250 1279 1301 sepe
1319 1240 1368 1283 et
1405 1232 1629 1284 multum
1666 1231 1811 1301 apud
1849 1251 1904 1283 se
1945 1249 2100 1300 quae-

238 1303 404 1367 rebat,
444 1310 619 1354 utrum
657 1303 833 1371 potius
869 1300 1002 1352 foret
1039 1310 1174 1352 stare
1216 1310 1395 1353 contra
1431 1301 1635 1354 hostem
1674 1320 1741 1353 an
1772 1301 2102 1353 reconciliari

237 1373 389 1425 hosti.
449 1371 506 1423 Si
533 1380 691 1423 staret
719 1379 915 1435 contra,
958 1371 1228 1438 cogitabat
1253 1371 1505 1439 possibile
1532 1391 1661 1437 esse,
1691 1372 1879 1423 ducem
1908 1370 2100 1440 opibus

239 1443 505 1510 corrumpi
553 1450 603 1492 61
649 1442 704 1491 111
741 1442 1039 1492 amiciciam
1079 1439 1288 1492 Ottonis
1338 1440 1530 1507 relabi,
1583 1442 1626 1491 si
1674 1440 2101 1493 reconciliaretur

237 1512 389 1576 hosti,
439 1511 495 1562 id
545 1529 660 1561 esse
707 1509 1120 1575 accelerandum,
1170 1529 1235 1561 ne
1275 1511 1386 1560 dux
1422 1511 1735 1579 presentiret
1782 1512 1833 1561 61
1876 1529 1942 1561 116
1985 1510 2099 1578 ipse

239 1599 449 1650 quoque
485 1579 643 1631 vellet
690 1578 1037 1630 reconciliari.
1112 1579 1332 1630 Talibus
1371 1581 1425 1629 in
1463 1579 1575 1630 dies
1613 1579 1957 1631 afficiebatur.
2030 1579 2101 1632 Et

238 1650 429 1702 exinde
466 1649 546 1700 his
585 1649 791 1701 duobus
841 1648 1029 1699 ducem
1078 1656 1381 1718 suspectum
1432 1648 1629 1700 habuit.
1704 1648 1755 1701 A
1802 1647 2100 1700 consultan-

236 1719 379 1772 tibus
430 1718 646 1770 tandem
694 1718 999 1770 decretumC
1046 1728 1137 1785 est,
1196 1718 1445 1770 0110116111
1500 1720 1554 1769 111
1609 1720 1907 1771 amiciciam
1958 1719 2099 1787 regis

236 1789 616 1855 revocandum,
666 1807 725 1840 eo
777 1787 918 1857 quod
963 1790 1078 1857 ipse
1123 1789 1239 1840 vird
1276 1789 1483 1840 virtutis
1531 1797 1668 1841 esset
1714 1796 1764 1842 et
1811 1807 1906 1858 per
1949 1788 2100 1839 illum

237 1877 343 1910 non
391 1858 558 1909 solum
610 1858 721 1909 dux
769 1859 1067 1909 mansuesci
1112 1867 1306 1927 posset,
1355 1858 1448 1909 5611
1495 1866 1545 1910 61
1590 1858 1811 1910 aliarum
1860 1858 2099 1927 gentium

237 1929 430 1980 tiranni
467 1928 737 1995 subiugari
776 1927 971 1979 utiliter
1013 1926 1261 1980 valerent.
1334 1928 1524 1996 Legati
1570 1930 1731 1997 igitur
1779 1947 1811 1980 a
1846 1928 2098 1980 Lothario

240 1999 425 2050 directi
484 1997 549 2048 ab
591 1997 785 2050 Ottone
822 1997 1187 2049 liberalissime
1227 1999 1472 2067 suscepti,
1522 1998 1587 2050 (16
1634 1997 1880 2051 habenda
1916 1998 2102 2050 utrius-

241 2086 342 2137 que
380 2067 618 2119 amicicia
655 2067 820 2118 ducee
858 2067 1132 2136 ignorante
1169 2066 1458 2119 elaborant.

609 2183 690 2234 79.
766 2181 979 2233 Oratiof
1016 2180 1287 2234 Gallorum
1324 2182 1417 2233 311ε
1456 2182 1720 2234 0110116111.

381 2266 697 2332 ‘Hactenus',
736 2267 994 2335 inquiunt,
1037 2266 1361 2333 ‘discordiae,
1399 2266 1648 2334 invidiae,
1689 2266 1864 2318 caedis
1901 2274 2097 2318 amato-

238 2354 322 2387 res
359 2334 662 2401 floruerunt,
714 2354 836 2386 cum
853 2337 873 2369 ‘¹
911 2337 1046 2387 inter
1081 2336 1436 2388 nobilissimos
1482 2355 1633 2405 reges
1680 2344 1884 2389 tantum
1921 2335 2098 2388 locum

237 2405 548 2457 habuerunt.
638 2406 845 2470 Quibus
895 2424 990 2474 pro
1040 2405 1239 2457 deliciis
1289 2414 1400 2458 erat
1452 2406 1744 2471 discordia,
1793 2407 1918 2476 quia
1954 2406 2098 2476 apud

237 2493 389 2544 reges
417 2474 687 2526 discordes
714 2494 767 2527 se
794 2475 959 2527 multa
984 2476 1262 2546 adquirere
1287 2494 1443 2545 posse
1469 2475 1878 2528 arbitrabantur.
1916 2475 2096 2527 Enim-

237 2563 360 2596 vero
388 2544 453 2596 de
481 2547 750 2596 communi
773 2544 891 2596 labe
921 2546 1238 2614 cogitabant,
1265 2554 1323 2597 ut
1347 2546 1561 2597 maioris
1587 2545 1784 2614 gloriae
1811 2554 1863 2597 et
1881 2545 2095 2598 honoris

236 2612 412 2665 locum
449 2614 592 2683 apud
631 2615 968 2667 conturbatos
1007 2616 1347 2668 vindicarent.
1413 2616 1519 2668 Sed
1545 2616 1784 2685 proderit
1806 2615 2096 2686 plurimum

236 2685 311 2735 rei
346 2683 608 2753 publicae,
648 2686 691 2736 si
729 2684 1028 2754 malignitas
1065 2704 1352 2754 pravorum
1388 2686 1533 2736 iamd
1572 2685 1809 2737 dudumd
1845 2686 2096 2756 reprima-

236 2761 321 2804 tur
367 2763 417 2805 et
462 2755 631 2805 Virtus
684 2756 943 2807 bonorum
988 2754 1105 2806 luce
1154 2756 1339 2825 purius
1389 2756 1655 2808 enitescat.
1728 2756 1932 2808 Redeat
1968 2772 2092 2825 ergo

236 2823 400 2873 virtus
439 2830 489 2874 et
524 2823 709 2876 floreat
744 2826 879 2876 inter
906 2824 1311 2894 gloriosissimos
1336 2844 1504 2894 reges,
1543 2834 1600 2876 ut
1625 2833 1676 2877 et
1699 2832 1876 2878 vestra
1899 2825 2094 2877 virtute

236 2898 499 2943 tantorum
554 2893 811 2944 malorum
868 2902 1109 2946 auctores
1163 2895 1357 2946 abinde
1408 2896 1807 2964 conquiescant,
1865 2903 1917 2948 61
1970 2904 2094 2948 resg

236 2959 450 3029 publica
499 2972 671 3013 vestra
718 2964 908 3016 virtute
954 2966 1131 3034 potius
1167 2965 1515 3033 gubernetur,
1566 2983 1722 3034 quam
1775 2964 2091 3035 cupidorum

235 3030 438 3082 invidia
486 3030 759 3083 dilabatur.
846 3034 1095 3085 Securius
1141 3036 1280 3086 enim
1327 3035 1484 3087 ambo
1532 3034 1837 3103 regnabitis,
1878 3053 1999 3087 cum
2036 3035 2092 3085 in

235 3101 475 3151 amicicia
511 3103 776 3154 coniuncti
816 3103 947 3154 duos
985 3105 1245 3156 exercitus
1272 3105 1407 3174 prod
1433 3105 1574 3155 unod
1598 3104 1878 3158 habebitis.
1933 3103 2091 3169 Quod

236 3171 278 3220 51
329 3189 396 3222 ex
443 3170 595 3222 vobis
643 3170 772 3223 alter
815 3174 869 3223 in
919 3172 1127 3225 ultimas
1184 3193 1399 3226 suorum
1446 3192 1728 3243 regnorum
1777 3182 1962 3243 gentes
2012 3174 2088 3226 ire

332 3326 369 3368 a)
397 3337 413 3359 e
438 3338 531 3361 corr.
683 3327 721 3369 b)
750 3339 777 3360 5.
809 3338 841 3360 0.
872 3339 953 3362 sese
984 3333 1015 3362 1.
1168 3330 1202 3373 c)
1231 3332 1484 3366 deliberatum
1517 3341 1694 3372 superscr.
1731 3332 1791 3364 vel
1836 3332 2031 3364 decretum
2057 3341 2086 3364 o.

235 3374 272 3416 d)
296 3381 378 3415 post
405 3378 487 3409 add.
589 3376 624 3418 e)
654 3378 686 3408 d.
715 3379 737 3411 i.
766 3387 797 3409 6.
827 3380 863 3409 in
890 3380 963 3410 loco
992 3389 1087 3411 raso.
1191 3379 1220 3421 f)
1251 3391 1283 3422 0,
1313 3383 1335 3413 d
1361 3383 1453 3414 absc.
1557 3382 1595 3423 g)
1624 3391 1656 3415 v.
1685 3391 1714 3413 r.
1742 3390 1778 3421 p.
1808 3383 1841 3413 1.

358 3499 401 3552 1)
437 3500 504 3541 Cf.
551 3502 686 3542 Gesta
728 3502 954 3546 Gamerae.
989 3506 1024 3555 Ι,
1071 3505 1142 3556 98,
1189 3505 1267 3547 SS.
1304 3506 1408 3557 VII,
1454 3520 1497 3559 p.
1543 3505 1655 3556 4413
1707 3505 1867 3546 Chron.
1908 3505 2085 3558 Andeg.

234 3560 304 3600 ed.
336 3559 607 3615 Marchegay
637 3577 678 3616 p.
717 3563 785 3603 76.

2151 3354 2170 3377 1
