2240 3879
301 201 391 240 XII
707 196 962 237 RICHERI
994 194 1411 236 HISTORIARUM
1443 195 1612 235 LIBRI
1644 196 1754 237 IIII.

304 347 554 401 mutasse,
594 339 674 388 ita
712 344 771 386 ut
811 335 1089 400 vocabula,
1132 335 1439 397 sententias,
1483 334 1637 383 immo
1676 342 1722 397 et
1749 339 2006 405 paqinas
2044 354 2164 387 era-

304 409 447 459 deret
493 409 672 474 eisque
725 406 840 456 alia
879 405 1230 456 substitueret.
1311 402 1468 462 Quod
1509 405 1810 470 praecipue
1856 404 2029 457 locum
2067 406 2164 457 ha-

303 478 416 529 buit
452 478 511 528 in
552 477 904 545 quaternione
934 476 1134 543 primo,
1173 475 1331 542 cujus
1369 474 1658 523 atramenti
1687 473 1872 540 pallor
1910 476 1975 526 ab
2011 483 2159 526 atra-

302 554 472 598 mento
526 547 767 612 niqriori
823 546 1063 596 auctoris
1121 562 1256 611 opus
1311 562 1469 593 suum.
1523 546 1949 610 recoqnoscentis
2003 545 2165 597 valde

305 618 488 680 distat,
514 615 619 682 fol.
659 615 707 679 2,
747 613 794 680 5,
836 615 884 678 6,
926 615 970 678 7,
1011 614 1058 677 8,
1111 614 1204 664 ubi
1241 614 1399 664 etiam
1438 611 1697 663 vocabulo
1739 611 2038 679 Gisleberti,
2076 633 2159 665 co-

304 688 448 738 mitis
485 686 713 753 Belqici,
771 703 960 735 nomen
1013 684 1279 748 Heinrici,
1327 683 1481 734 ducis
1519 681 1820 747 Saoeoniae,
1871 684 2163 735 substituit.

305 757 368 806 In
410 756 642 806 secundo
683 754 1038 822 quaternione
1062 752 1170 821 fol.
1210 752 1258 802 9.
1299 759 1345 801 et
1383 752 1462 802 10.
1502 751 1670 802 multa
1710 753 2027 818 immutavit,
2049 752 2162 821 fol.

307 826 387 875 10.
428 832 473 875 et
514 825 594 873 11.
634 824 922 892 eademque
969 822 1274 890 plurimum
1330 829 1567 872 correcta
1623 829 1669 872 et
1721 823 1960 891 niqriori
2010 830 2159 874 atra-

303 901 470 945 mento
511 894 715 961 scripta
753 894 985 944 inseruit
997 911 1016 957 ,·
1082 894 1138 942 in
1177 898 1370 959 quarto
1410 893 1762 958 quaternione
1783 891 1891 960 fol.
1931 891 2014 942 33.
2050 894 2158 944 ini-

303 965 437 1014 tium
473 963 738 1014 secundae
767 963 1019 1031 pagtinae
1057 963 1241 1026 erasit,
1263 960 1373 1026 fol.
1411 961 1634 1012 34—37.
1672 962 1918 1026 inseruit,
1940 960 2050 1029 fol.
2075 961 2163 1014 38.

298 1051 487 1100 pauca
523 1034 840 1083 immutavit.
915 1032 981 1081 In
1029 1039 1172 1083 seoeto
1222 1031 1430 1081 demum
1482 1033 1836 1098 quaternione
1871 1031 2039 1099 foliis
2075 1031 2162 1083 49.

304 1102 386 1152 50.
410 1110 455 1152 et
481 1102 737 1153 schedula
762 1102 845 1153 51.
872 1102 1105 1166 insertis,
1146 1101 1522 1151 narrationem
1549 1100 1611 1150 de
1640 1101 1828 1152 itinere
1855 1119 1951 1153 suo
1978 1101 2163 1153 Remis

310 1171 599 1224 C'amzotum
661 1179 707 1222 et
768 1172 1052 1222 historiam
1113 1171 1311 1239 synodi
1371 1171 1430 1220 in
1491 1173 1817 1222 monasterio
1869 1171 1927 1222 S.
1967 1169 2164 1222 Basoli

305 1242 537 1306 habitae,
588 1259 794 1292 necnon
845 1240 1067 1291 scedula
1104 1239 1187 1290 53.
1230 1241 1432 1290 inserta
1480 1257 1573 1290 sex
1621 1239 1798 1290 lineas
1847 1242 2167 1292 narrationi

294 1329 525 1380 puynae
580 1312 722 1360 inter
777 1309 1060 1363 Conanum
1116 1316 1162 1360 et
1208 1308 1498 1359 Fulconem
1554 1310 1866 1360 commissae
1923 1310 2164 1361 addidit.

318 1380 438 1431 Vere
464 1381 652 1448 iqitur,
680 1382 729 1431 si
753 1379 921 1430 ullius
951 1398 1188 1448 unquam
1217 1380 1474 1443 auctoris,
1501 1377 1727 1430 Richeri
1755 1379 2163 1448 aiitoqraphum

303 1450 456 1501 nobis
494 1449 736 1500 relictum
775 1468 897 1513 esse,
940 1456 1190 1517 apparet.

441 1519 600 1569 Liber
626 1521 677 1569 in
697 1520 950 1587 payinae
977 1519 1076 1569 55’.
1103 1519 1250 1568 linea
1279 1525 1468 1568 octava
1494 1518 1725 1583 desinit,·
1765 1517 1926 1570 multo
1953 1520 2162 1587 majore

293 1590 544 1656 paqinae
562 1595 725 1655 parte
748 1607 862 1638 una
883 1590 1235 1656 cumpaqina
1257 1587 1340 1638 56.
1362 1606 1540 1638 ‘vacua
1559 1587 1766 1653 relicta,
1787 1589 2037 1657 paqinae
2057 1589 2161 1641 56’.

304 1657 419 1707 alia
455 1657 622 1725 plane
661 1676 827 1707 manu
865 1657 1072 1708 litterae
1113 1656 1356 1708 Gerberti
1392 1658 1687 1726 inscriptae
1727 1665 1854 1709 sunt
1865 1677 1884 1724 ,·
1914 1677 2053 1728 paq.
2074 1658 2162 1710 57.

302 1734 476 1791 vacat,
517 1729 739 1795 paqina
777 1727 877 1778 57‘.
915 1727 1141 1778 Richeri
1184 1729 1378 1778 iterum
1428 1747 1597 1778 manu
1635 1730 1951 1796 praecipu-a
1999 1729 2161 1779 conti-

302 1797 562 1847 nuandae
600 1798 857 1847 historiae
897 1799 1084 1864 capita
1123 1797 1332 1847 diverso
1370 1804 1604 1865 tempore
1629 1799 1902 1866 inscripta
1922 1798 2161 1867 praebet.

438 1865 566 1917 Jam
604 1873 857 1933 superest,
897 1874 955 1915 <ut
987 1867 1050 1917 de
1084 1867 1337 1917 editionis
1365 1866 1590 1917 consilio
1630 1875 1678 1917 et
1712 1869 1925 1919 ratione
1954 1870 2162 1935 paucis

302 1953 557 1986 moneam.
643 1934 814 2003 Opere
862 1944 1070 2003 quanta
1122 1935 1411 2004 diliqentia
1453 1937 1586 2002 fleri
1629 1939 1815 2006 potuit
1870 1939 2161 2006 eoescripto,

299 2012 512 2068 tecctum,
561 2005 739 2072 qualis
778 2004 997 2056 ultimus
1038 2007 1249 2056 auctori
1278 2006 1511 2073 placuit,
1551 2007 1963 2073 eocprimendum
2002 2008 2161 2073 dumi,

301 2074 540 2142 adjectis,
581 2082 842 2142 quantum
869 2082 1099 2143 propter
1137 2075 1427 2126 evanidam
1468 2077 1776 2144 scripturae
1799 2076 2012 2143 faciem
2038 2096 2158 2128 con-v

300 2161 499 2194 cessum
533 2151 664 2207 erat,
694 2145 887 2212 prima
925 2144 1160 2210 lectione,
1202 2164 1364 2213 quam
1390 2164 1547 2196 verae
1575 2147 1867 2197 sententiae
1893 2147 2162 2198 sistendae

299 2231 459 2280 saepe
495 2213 795 2280 plurimum
843 2212 1112 2282 efficacem
1163 2216 1455 2282 superiora
1503 2216 1815 2267 docuerunt.
1907 2215 2161 2284 Capitum

300 2283 695 2334 distinctionem
735 2284 799 2334 ab
842 2291 1057 2335 aiictore
1106 2286 1226 2352 ipso
1266 2283 1573 2353 profectam
1620 2285 1712 2336 sed
1761 2304 2162 2354 nonnunquam

294 2354 754 2419 praetermissam,
812 2354 1129 2422 ubic-umque
1178 2372 1242 2404 eoo
1289 2356 1467 2422 ipsius
1523 2356 1791 2406 sententia
1846 2357 2159 2407 necessaria

299 2421 598 2487 videbatur,
636 2424 852 2474 institui
862 2441 880 2487 ,·
924 2425 1301 2490 inscriptiones
1328 2426 1385 2474 >in
1415 2426 1664 2493 marqine
1684 2426 1901 2493 positas
1936 2427 2159 2491 retinui,

300 2510 547 2542 numeros
587 2492 779 2561 adjeci.
854 2493 997 2544 Loca
1039 2493 1268 2544 obscura
1309 2502 1404 2544 aut
1441 2495 1609 2545 unius
1637 2494 1926 2546 alteriusve
1950 2495 2160 2547 litterae

301 2561 598 2612 abscisione
635 2561 817 2613 lacera
856 2564 1169 2632 conjectura
1197 2563 1478 2630 probabili
1514 2565 1707 2616 ductus
1746 2564 1971 2633 eoeplevi.

1657 2648 1719 2700 G.
1758 2650 1829 2700 H.
1868 2650 2084 2701 Pertz.

441 2783 544 2833 His
572 2787 747 2852 primi
781 2787 1016 2850 editoris,
1057 2788 1152 2856 qui
1185 2787 1384 2839 librum
1407 2787 1649 2856 feliciter
1676 2788 1874 2838 detexit
1893 2786 2154 2854 felicius-

301 2870 398 2919 que
450 2852 735 2921 descripsit
790 2864 835 2905 et
890 2856 1074 2922 edidit,
1130 2857 1305 2908 verbis
1350 2876 1543 2925 pauca
1601 2858 1917 2925 adjicienda
1973 2857 2154 2910 habeo.

305 2920 546 2972 (belia-em
569 2923 757 2973 iterum
780 2944 940 2993 quam
963 2928 1367 2978 accuratissime
1388 2925 1606 2991 contuli,
1629 2926 1721 2977 sed
1734 2945 1925 2994 pauca
1945 2934 2154 2979 tantum

301 3009 466 3058 eaque
486 2990 627 3042 levia
652 2994 708 3042 in
732 2995 847 3060 ipso
870 2995 1130 3047 historiae
1156 3004 1303 3048 tea‘tu
1329 2996 1670 3048 emendanda
1696 2997 1897 3048 inveni.
1947 2996 1996 3048 V.
2018 2997 2064 3048 b.
2085 3016 2154 3048 m.

300 3059 449 3110 Pertz
478 3079 599 3111 vero
618 3063 860 3129 priorem
887 3063 1159 3116 lectionem
1186 3085 1293 3117 non
1322 3073 1631 3117 constanter
1656 3069 1906 3131 enotavit,
1945 3085 2010 3118 ea
2035 3074 2155 3118 tan—

299 3136 409 3179 tum
447 3130 698 3182 exhibens
751 3151 886 3200 quae
937 3137 1162 3203 majoris
1211 3137 1460 3187 momenti
1513 3137 1562 3186 ei
1616 3136 1957 3186 videbantur.
2035 3135 2154 3196 Quo

283 3199 504 3264 factum
544 3209 632 3264 est,
672 3209 729 3250 ut
766 3205 945 3254 minus
985 3213 1300 3257 accuratam
1338 3205 1539 3256 codicis
1572 3206 1864 3274 imaqinem
1900 3207 2151 3258 traderet.

297 3267 444 3318 Nam
484 3287 645 3336 quam
697 3274 1008 3339 saepissime
1059 3293 1197 3342 quae
1236 3276 1457 3326 chartae
1494 3272 1756 3326 intulerat
1808 3275 1888 3326 vel
1942 3273 2153 3327 calamo

299 3337 433 3388 dare
474 3340 746 3406 inceperat
782 3342 1049 3394 Richerus
1077 3352 1271 3411 postea
1308 3344 1624 3402 emendavit,
1672 3362 1795 3394 mox
1832 3346 1973 3395 inter
2015 3346 2150 3396 scri-

298 3405 543 3472 bendum,
586 3410 661 3458 ita
688 3417 743 3459 ut
778 3410 1027 3481 sinyulas
1063 3420 1272 3465 tantum
1309 3413 1516 3465 litteras
1548 3413 1740 3465 deleret
1768 3411 1849 3464 vel
1873 3413 2151 3465 verborum

299 3476 540 3527 ordinem
588 3486 830 3545 mutaret,
883 3500 1002 3532 moae
1040 3485 1350 3550 posteriori,
1389 3502 1482 3535 nec
1522 3501 1630 3534 uno
1666 3490 1915 3551 tempore,
1971 3484 2050 3534 ita
2087 3491 2148 3534 ut
