2240 3879
175 398 257 430 928.

71 1367 84 1382 ’
97 1370 163 1402 fol.
193 1370 263 1402 13¹.

185 2875 267 2907 929.

138 2925 218 2958 Oet.
239 2924 272 2954 7.

188 3162 269 3194 930.

275 247 331 285 34
714 237 962 279 RICHERI
995 233 1415 276 HISTORIARUM
1448 233 1631 274 LIBER
1663 234 1700 274 I.

274 380 584 433 auctoritate
621 375 911 447 apostolica
946 391 1110 442 regno
1148 371 1352 424 restitui
1396 389 1575 440 regem
1612 372 1876 424 abiectum
1919 371 2126 438 iubeat,

278 451 631 521 quic-umquea
682 448 794 498 eius
854 452 1104 514 precepto
1171 441 1424 510 refragari
1479 441 1623 491 nisus
1678 442 1861 509 tuerit,
1919 440 2128 492 anathe-

276 528 415 571 mate
467 525 753 588 perpetuae
802 513 1185 566 maledictionis
1235 511 1614 578 condempnet3
1669 528 1731 561 ac
1779 529 1874 580 pro
1924 511 2024 562 hac
2072 528 2128 560 re

277 588 539 658 episcopis
565 594 722 655 atque
750 583 1081 654 principibus
1110 579 1401 633 Galliarum
1433 588 1483 631 et
1511 579 1826 632 Germaniae
1853 579 2130 651 epistolam

277 659 485 728 dirigat,
525 657 878 708 continentem
929 660 980 703 et
1027 651 1322 704 bonorumb
1361 649 1783 701 benedictionem
1833 658 1883 702 et
1928 657 2130 701 contra-

278 728 539 780 dictorum
577 724 1015 777 maledictionem.
1052 721 1241 789 Legati
1268 738 1392 789 ergo
1414 720 1638 771 Romam
1664 728 1952 788 properant
1964 730 1998 784 ⁰,
2038 718 2132 770 sed

280 804 590 865 consumpto
606 796 627 828 d
651 793 852 846 itineris
876 791 1072 857 labore,
1100 789 1228 841 nihil
1253 789 1621 841 mandatorum
1653 798 1928 858 peragunt.
1971 789 2132 839 Nam-

281 886 382 936 que
420 884 451 916 a
485 865 752 934 prefeet01
791 871 976 931 captus
1003 878 1158 930 papa,
1198 877 1258 911 eo
1298 859 1441 928 quod
1487 877 1518 909 a
1562 877 1616 910 se
1654 858 1942 928 plurimum
1982 858 2132 909 dissi-

280 938 443 1001 deret,
492 934 558 985 ab
607 952 667 986 eo
719 930 968 983 carcerali
1020 929 1260 981 custodia
1297 927 1645 981 detinebatur.
1730 927 1887 980 Unde
1924 936 1975 979 et
2022 927 2133 979 sine

279 1005 554 1074 legationis
594 1003 785 1055 effectu
823 1000 1061 1068 digressi,
1098 1001 1153 1050 in
1193 997 1392 1050 Gallias
1430 1006 1744 1050 remearunt.
1818 997 2133 1049 Heribertus

278 1092 401 1127 vero
429 1073 497 1125 ad
523 1072 625 1124 alia
652 1089 764 1124 sese
793 1071 1081 1135 conferenS,
1121 1069 1263 1137 apud
1297 1068 1632 1137 Hugonemss,
1671 1066 1912 1119 Rotberti
1949 1066 2132 1133 filium,

281 1144 345 1196 de
382 1143 487 1195 fide
524 1144 660 1195 inter
698 1159 811 1193 sese
861 1138 1106 1191 habenda
1143 1137 1275 1190 adeo
1315 1137 1603 1207 satagebat.
1698 1137 1871 1202 Quem
1921 1145 1973 1188 et
2020 1154 2135 1188 sua-

280 1213 516 1266 sionibus
556 1212 838 1264 efficaciter
876 1208 1075 1267 allicuit
1111 1226 1174 1259 ac
1210 1207 1313 1259 fide
1351 1209 1494 1276 pacti
1541 1209 1641 1260 sibi
1678 1207 1947 1258 annexuit.
2021 1205 2135 1257 Hu-

279 1284 430 1353 gonis
482 1283 659 1351 itaque
710 1280 935 1332 efficatia
986 1296 1287 1348 persuasus,
1327 1278 1426 1329 adf
1458 1277 1747 1329 Rodulfum
1796 1276 1933 1328 redit
1983 1277 2136 1345 eique

279 1351 646 1406 reconciliatus
704 1349 1015 1419 aliquandiu
1064 1348 1214 1399 hesit.
1291 1346 1488 1398 *Cuius
1538 1348 1593 1397 in
1644 1346 1809 1398 multa
1845 1347 2016 1415 gratia
2055 1364 2137 1396 su-

280 1432 507 1492 sceptus,
557 1430 614 1473 ut
667 1439 722 1471 se
767 1418 1032 1470 fidelitatis
1083 1426 1449 1469 exsecutorem
1498 1424 1831 1482 monstraret,
1878 1414 2139 1467 Karolum

281 1510 408 1543 mox
445 1491 718 1543 Peronaeg
754 1490 809 1539 in
849 1505 1116 1539 carcerem
1153 1488 1383 1538 retrusit.

342 1590 425 1642 55.
480 1588 830 1640 Heribertush
866 1589 930 1637 ah
968 1606 1092 1655 rege
1130 1587 1419 1638 Remenseh
1459 1587 1789 1655 episcopium
1826 1586 2032 1654 accepit
2046 1586 2085 1635 h.

419 1672 576 1724 Unde
627 1680 677 1724 et
725 1671 791 1723 ab
843 1691 969 1740 rege
1018 1671 1203 1722 donari
1249 1678 1450 1741 petenS,
1498 1671 1826 1739 episcopium
1875 1670 2138 1722 Remense

283 1743 379 1795 sub
431 1750 650 1812 optentu
699 1742 793 1792 filii
845 1743 925 1793 sui
961 1740 1137 1792 adhuc
1184 1741 1335 1809 pueri
1383 1740 1448 1792 ab
1501 1758 1560 1792 eo
1606 1741 1827 1809 accepit.
1912 1739 2051 1790 Nam
2090 1747 2142 1791 et

279 1821 405 1864 tunc
442 1813 542 1863 hac
589 1812 703 1863 vita
753 1812 935 1863 divaei
983 1812 1271 1862 memoriae
1312 1809 1522 1862 Seulfus
1569 1808 2007 1880 metropolitanus
2054 1809 2139 1860 de-

282 1889 523 1934 cesserat.
596 1881 667 1932 At
705 1884 829 1950 quia
864 1890 1007 1932 aetas
1045 1881 1274 1932 tenerior
1309 1899 1533 1950 puerum
1583 1880 1746 1931 sacris
1786 1879 1975 1931 officiis
2022 1896 2141 1948 pro-

279 1950 779 2017 hibebat,Odelrico
819 1950 1044 2017 cuidam,
1083 1950 1148 2001 ab
1179 1951 1421 2018 Aquensi
1455 1950 1758 2019 episcopio²
1797 1957 2139 2019 pyratarum³

281 2022 623 2072 insectatione
674 2019 844 2090 pulso,
899 2039 994 2089 pro
1046 2037 1106 2071 eo
1153 2021 1451 2071 ministrare
1503 2037 1811 2071 concessum
1862 2028 1953 2071 est.
2039 2016 2142 2070 Cui

283 2091 441 2143 etiam
489 2088 759 2141 abbatiam
811 2090 980 2141 sancti
1029 2089 1294 2141 Timothei
1344 2090 1574 2140 martiris
1620 2089 1689 2140 ad
1732 2107 1858 2140 usus
1896 2088 2141 2157 proprios

283 2161 520 2212 attribuit
557 2169 608 2211 et
652 2160 870 2229 insuper
921 2159 1297 2211 canonicorum
1347 2160 1582 2210 victum4
1631 2158 1787 2210 simul
1832 2157 2139 2227 impertivit.

283 2229 542 2281 Rodulfus
589 2230 788 2281 interea
835 2248 945 2295 rex,
994 2238 1191 2298 quanta
1238 2229 1372 2279 foret
1417 2230 1656 2298 aequitas
1695 2247 1821 2280 suae
1858 2228 2015 2294 vitae,
2055 2227 2140 2279 de-

282 2310 574 2351 monstrare
637 2300 869 2369 cupiens,
932 2299 1000 2349 ad
1059 2297 1318 2349 Karolum
1379 2299 1467 2350 ubi
1532 2300 1840 2350 servabatur
1902 2297 2140 2349 accessit.

282 2369 447 2439 Apud
506 2386 664 2438 quem
714 2367 880 2420 multa
929 2368 993 2419 de
1044 2369 1155 2420 eius
1204 2369 1431 2419 miseriis
1489 2376 1838 2437 conquestUS,
1900 2385 2141 2419 sermone

282 2437 575 2508 multiplici,
629 2439 671 2489 si
710 2438 1012 2503 offenderat,
1063 2437 1372 2507 suppliciter
1408 2439 1619 2489 veniam
1669 2437 1986 2506 postulabat.
2072 2435 2143 2487 Et

285 2509 533 2577 quoniam
594 2509 823 2577 suscepti
884 2508 1155 2577 regiminis
1216 2508 1420 2576 apicem
1469 2508 1680 2577 penitus
1736 2508 1974 2560 amittere
2035 2523 2143 2557 non

282 2577 508 2644 valebat,
569 2577 712 2647 quod
759 2578 892 2629 ratio
950 2576 1253 2629 conferebat
1301 2579 1348 2629 ei
1398 2578 1642 2643 restituit,
1694 2577 1847 2629 sedes
1897 2574 2145 2629 videlicet

290 2648 476 2716 regias,
516 2646 615 2698 hoc
643 2655 720 2699 est
744 2647 1070 2699 Attiniacum
1099 2655 1149 2699 et
1172 2647 1540 2714 Pontionem53
1582 2648 1764 2717 sicque
1793 2646 2142 2699 Suessionum

282 2718 552 2768 remeavit.

937 2788 1018 2839 56.
1075 2785 1261 2837 Karoli
1299 2785 1490 2838 obitus.

420 2855 648 2906 Karolus
684 2864 804 2924 post
838 2856 968 2908 haec
1005 2856 1148 2908 tedio
1188 2864 1239 2908 et
1274 2874 1473 2925 angore
1511 2855 1778 2922 deficiens,
1817 2856 1870 2905 in
1902 2853 2143 2906 machro-

287 2925 489 2975 nosiam
528 2924 735 2976 decidit.
792 2925 1230 2996 Humoribusque
1267 2927 1442 2978 noxiis
1479 2933 1721 2992 vexatUS,
1760 2932 1881 2994 post
1915 2923 2141 2976 multum

286 2994 596 3062 languorem
632 2995 743 3046 vita
780 2996 1017 3064 privatus
1056 3005 1148 3047 est.
1216 2994 1476 3048 Rodulfus
1503 3013 1628 3047 vero
1654 3014 1750 3046 rex
1775 3001 1989 3064 pyratas
2017 2992 2142 3045 Gal-

286 3063 412 3114 liam
457 3064 834 3132 Aquitanicam
881 3066 1130 3134 irrupisse
1176 3084 1272 3134 per
1307 3064 1510 3134 legatos
1548 3065 1878 3134 comperiens
1917 3080 2140 3133 eamque

286 3131 542 3184 hostiliter
580 3133 966 3186 debacchantes
1003 3135 1293 3201 infestasse,
1331 3136 1441 3186 vim
1478 3133 1668 3185 inferre
1707 3132 1992 3203 cogitabat.

386 3237 423 3278 a)
452 3237 524 3275 Qui
553 3239 584 3268 1.
699 3236 736 3278 b)
768 3239 1048 3270 oboedientium
1079 3242 1109 3271 1.
1237 3238 1270 3280 c)
1299 3241 1415 3278 negiu
1443 3239 1632 3280 (super-scr.
1663 3237 1744 3278 sed)
1772 3239 1964 3279 peracturi
1991 3238 2073 3270 add.
2105 3238 2140 3269 1.

289 3284 325 3325 d)
357 3285 470 3318 Cous.
500 3295 589 3318 vero
619 3288 649 3319 1.
752 3286 786 3327 c)
815 3288 861 3319 H.
891 3298 917 3318 c.
1020 3289 1046 3330 f)
1068 3294 1150 3328 post
1178 3290 1260 3324 add,
1363 3287 1400 3329 g)
1429 3289 1467 3319 in
1495 3297 1603 3327 mary.
1703 3286 1741 3329 h)
1769 3289 1859 3329 Her,
1888 3296 1909 3319 a
1935 3296 1966 3328 r,
1995 3294 2140 3327 mense,

287 3343 352 3366 acc
379 3336 470 3368 absc.
573 3333 599 3375 i)
630 3336 664 3368 (1.
690 3345 738 3375 c.;
766 3336 852 3375 piae
882 3338 912 3368 1.

412 3412 455 3466 1)
491 3428 518 3453 α
550 3414 738 3465 Widone,
759 3414 909 3466 fratre
931 3415 1135 3469 Huyonis
1158 3417 1272 3471 reyis
1295 3416 1424 3457 Flod.
1552 3413 1598 3468 2)
1632 3416 1765 3469 Acqs.
1892 3414 1940 3468 3)
1975 3412 2138 3455 Sarra·

287 3487 489 3515 cenorum
511 3474 640 3515 Flod.
664 3476 779 3516 Hist.
806 3476 858 3517 R.
882 3476 959 3526 IV,
987 3477 1058 3518 22.
1165 3476 1212 3530 4)
1241 3491 1337 3518 cum
1353 3476 1612 3529 praebenda
1635 3476 1847 3517 canoniea
1870 3474 1998 3516 Flod.
2021 3475 2141 3515 Ann.

289 3533 334 3587 5)
367 3535 586 3576 Ponthion
619 3549 691 3577 sur
721 3535 941 3588 l'Ornain3
978 3537 1031 3577 de
1067 3552 1151 3590 quo
1184 3538 1312 3579 Flod.
1345 3543 1478 3578 tacet.
