2240 3879
474 210 725 251 RICHERI
758 210 1169 251 HISTORIARUM
1202 209 1386 250 LIBER
1419 210 1501 251 III.
1871 210 1924 249 91

89 351 352 404 cumdat1.
439 348 556 400 Rex
609 365 734 400 vero
792 365 910 399 cum
964 354 1127 398 matre
1183 354 1362 414 erepto
1414 354 1583 397 castro
1634 349 1922 400 exercitum
1941 367 2024 400 959.

91 420 307 472 inducit.
404 417 541 470 Cum
601 435 726 486 ergo
787 415 984 485 duplici
1043 414 1277 466 exercitu
1336 415 1571 466 tirannus
1632 425 1920 484 urgeretur,
1942 433 2023 463 960.

88 489 232 557 cedit
277 495 327 539 et
371 487 437 539 ab
486 505 609 554 rege
655 485 1037 554 indulgentiam
1082 484 1228 552 petit.
1319 482 1655 552 Coactusque
1712 485 1921 538 obsides

91 566 142 610 et
178 564 505 608 sacramenta
542 556 644 607 dat.
728 555 799 606 Et
848 555 1063 620 insuper
1113 552 1295 621 oppidi
1343 552 1702 621 proditorem²
1748 555 1920 606 victus

88 626 263 678 tradit.
338 625 445 691 Qui
498 643 640 690 mox,
693 622 897 693 prolata
951 620 1016 672 ab
1066 639 1189 690 rege
1238 622 1508 688 sententia,
1563 631 1682 674 ante
1739 623 1922 692 oppidi

88 703 296 765 portam
334 711 507 746 coram
545 703 691 764 patre
724 689 1024 743 decollatur.

232 778 310 830 13.
366 777 550 829 *Rexa
587 793 710 827 vero
749 775 945 845 oppido
984 775 1182 843 potitus
1234 794 1355 825 cum
1393 784 1556 828 matre
1605 775 2030 827 Laudunum‘fol.
2062 789 2117 822 33.

87 847 241 900 redit.
314 846 436 897 Huc
471 865 539 897 ex
575 845 794 896 diversis
830 843 1135 912 regionibus
1180 844 1247 895 ad
1283 863 1463 912 regem
1501 846 1766 914 principes
1805 864 1923 897 con·
1942 868 2026 902 961.

87 917 272 968 fluunt.
343 914 553 967 Adsunt
606 932 814 983 quoque
868 913 1015 964 ducis
1067 912 1297 965 defuncti
1347 914 1441 965 filii
1488 916 1607 981 duc,
1664 916 1823 985 Hugo
1874 924 1925 967 et

91 986 216 1039 Otto
231 994 266 1049 3,
331 986 422 1054 qui
481 985 637 1035 etiam
695 984 810 1052 regi
862 981 1071 1034 fidelem
1125 981 1364 1034 militiam
1420 1003 1515 1053 per
1561 984 1924 1036 iusiurandum

88 1073 266 1115 coram
326 1052 567 1105 omnibus
626 1052 902 1121 spondent.
993 1052 1231 1116 Quorum
1290 1053 1605 1121 benignitati
1664 1073 1759 1106 rex
1819 1073 1924 1105 non

88 1126 345 1194 imparem
396 1121 760 1173 liberalitatem
823 1121 1213 1187 demonstrans,
1274 1122 1557 1190 Hugonem
1618 1142 1714 1191 pro
1775 1132 1923 1192 patre

85 1192 277 1245 ducem
312 1192 440 1242 facit
476 1199 527 1243 et
562 1192 778 1260 insuper
830 1199 1024 1242 terram
1060 1191 1397 1242 Pictavorum
1445 1194 1555 1243 eius
1604 1193 1924 1262 principatui

87 1262 275 1327 adicit3
315 1259 563 1312 Ottonem
600 1279 726 1313 vero
765 1260 1076 1329 Burgundia
1115 1259 1289 1311 donat.

228 1346 307 1396 14.
361 1345 423 1396 In
468 1363 571 1414 qua
615 1364 790 1397 rerum
838 1343 1202 1396 distributione
1251 1361 1371 1394 cum
1418 1344 1643 1397 domnus
1681 1365 1743 1397 ac
1780 1364 1924 1398 reve-

86 1413 278 1466 rendus
323 1413 572 1466 Artoldus
618 1414 1053 1484 metropolitanus
1090 1413 1374 1465 admodum
1410 1415 1466 1465 in
1515 1416 1597 1467 die
1634 1415 1925 1468 laborasset

86 1493 140 1535 et
183 1501 277 1553 pre
326 1482 481 1535 solisb
528 1484 733 1536 fervore
788 1492 895 1536 toto
952 1501 1171 1553 corpore
1227 1483 1490 1549 sudasset,
1547 1503 1667 1536 cum
1722 1493 1922 1537 vestem

87 1552 333 1617 abiceret,
370 1571 465 1623 per
500 1570 656 1621 poros
694 1552 863 1605 calore
901 1561 1110 1622 apertos
1135 1552 1302 1621 frigus
1328 1554 1662 1606 autumnalec
1695 1555 1921 1622 irrepsit.

86 1622 328 1691 Natoque
365 1623 466 1674 exd
502 1624 706 1674 interno
743 1621 972 1689 frigdore
1010 1623 1176 1691 epatis
1213 1622 1413 1683 morb0,
1450 1624 1624 1674 nimiis
1655 1623 1922 1676 doloribus

86 1691 369 1756 confectuS,
417 1691 587 1761 pridie
624 1691 743 1743 Kal.
795 1692 982 1744 Octob.
998 1699 1035 1757 4,
1074 1709 1104 1741 a
1154 1709 1246 1742 suo
1297 1691 1563 1760 presulatu
1613 1702 1786 1744 annoe
1837 1693 2034 1758 520,1<0v.
2064 1709 2122 1741 30.

82 1761 228 1813 diem
264 1761 401 1812 vitae
439 1760 625 1813 clausit
660 1769 967 1814 extremum.

230 1846 309 1896 15.
372 1844 534 1897 Cuius
596 1847 822 1914 peractis
883 1846 1172 1914 exsequiiS,
1236 1844 1395 1913 Hugo
1456 1847 1752 1914 nuperrime
1814 1845 1924 1897 dux
1943 1861 2025 1892 962.

88 1914 412 1966 Francorum
449 1913 515 1965 ab
552 1933 676 1983 rege
712 1915 896 1980 factus,
943 1933 1121 1983 regem
1159 1912 1465 1983 suppliciter
1501 1915 1624 1979 adit,
1668 1915 1922 1984 petitque,

86 1983 443 2052 pontificalem
481 1983 791 2052 dignitatem
829 1985 909 2035 ei⁵
945 1984 1164 2049 restitui,
1204 2001 1264 2035 eo
1303 1983 1443 2052 quod
1468 1984 1581 2053 ipse
1607 1995 1726 2036 ante
1752 1984 1924 2035 Artol-

86 2053 215 2104 dum
251 2054 420 2121 ipsam
458 2053 678 2122 adeptus
714 2053 886 2119 fuerit,
925 2061 976 2104 et
1011 2070 1118 2104 non
1154 2070 1246 2103 suo
1284 2052 1532 2118 facinore7
1582 2054 1675 2104 sed
1711 2052 1925 2105 Rodulfi

87 2122 225 2190 regis
250 2122 449 2173 invidia
473 2121 752 2174 Artoldum
779 2124 826 2174 ei
852 2122 1229 2192 superductum
1255 2130 1513 2174 memorat
1527 2123 1554 2174 f.
1603 2123 1927 2175 Persistebat

84 2192 288 2261 itaque,
343 2198 401 2242 ut
452 2191 773 2243 redderetur.
863 2192 934 2243 Et
983 2193 1157 2243 statim
1212 2190 1462 2242 decretog
1515 2193 1660 2261 regio
1710 2192 1926 2244 sinodus

88 2261 459 2330 episcoporum
495 2269 615 2331 post
650 2260 760 2313 dies
797 2261 865 2312 40
901 2259 1145 2313 habenda
1180 2260 1443 2315 indicitur.

233 2347 312 2396 16.
362 2343 639 2413 Colligitur
664 2363 788 2415 ergo
815 2346 1188 2397 consummatis
1214 2344 1400 2397 diebus
1426 2347 1478 2396 in
1505 2349 1643 2414 pago
1669 2346 1929 2398 Meldensi
1981 2361 1988 2366 ·

89 2431 242 2464 secus
267 2413 484 2464 fluvium
508 2415 820 2481 Matronam7
847 2416 902 2465 in
925 2416 1043 2466 vico
1072 2416 1197 2484 quih
1222 2422 1444 2466 vocatur
1464 2455 1474 2465 .
1497 2455 1508 2465 .
1533 2453 1560 2479 .‚
1588 2433 1656 2465 ex
1681 2415 1928 2467 Remensi

89 2499 154 2532 ac
202 2482 491 2534 Senonensi
535 2485 820 2551 provinciis
876 2483 1088 2535 sinodus
1141 2484 1203 2534 13
1259 2484 1661 2553 episcoporum,
1718 2484 1928 2553 preside

95 2551 396 2603 Senonense
431 2552 694 2621 pontifice.
766 2553 909 2605 Inter
958 2570 1087 2621 quos
1136 2553 1294 2604 etiam
1341 2552 1568 2604 fautores
1616 2553 1781 2623 aliqui
1829 2571 1926 2622 pro

90 2629 240 2690 parte
294 2621 538 2690 Hugonis
591 2621 922 2685 videbantur,
978 2630 1029 2673 et
1077 2622 1308 2672 maxime
1362 2620 1436 2671 illi
1491 2623 1581 2691 qui
1635 2622 1755 2673 duci
1806 2640 1926 2674 con-

90 2690 417 2754 suescebant,
463 2690 725 2758 utpotei·⁶
763 2689 1152 2742 Aurelianensis
1191 2699 1241 2742 et
1277 2690 1592 2756 Parisiacus‚
1639 2691 1926 2744 Silletensis

94 2777 320 2828 quoque.
374 2758 548 2829 Atque
585 2759 638 2810 hi
674 2759 885 2828 publice
924 2759 1303 2811 consultabant.
1362 2759 1726 2813 Renitentibus
1752 2771 1927 2813 autem

91 2828 352 2880 Roricone
410 2828 748 2880 Laudunensi
797 2836 847 2881 et
908 2827 1177 2881 Gibuinok
1227 2827 1589 2881 Catalaunico¹
1645 2831 1926 2900 episcopis,

192 2947 229 2990 a)
257 2949 340 2980 haec
359 2949 499 2988 payina
525 2952 554 2979 et
576 2957 667 2988 pars
692 2948 866 2987 sequentis
891 2948 929 2978 in
955 2956 1089 2978 rasura
1115 2948 1278 2988 scriptae.
1395 2947 1432 2987 b)
1473 2949 1625 2980 aestatis
1657 2951 1686 2980 1.
1799 2949 1830 2989 c)
1867 2949 1928 2980 fri-

91 2998 197 3035 goris
225 2999 255 3030 1.
356 2996 392 3036 d)
422 3005 468 3028 ex
494 2998 520 3030 i.
547 2998 574 3030 f.
602 3006 661 3036 ep.
689 2997 728 3027 in
753 3006 864 3035 marq.
953 2994 987 3034 e)
1017 2998 1105 3028 anfi.
1134 3006 1164 3027 c.
1252 2996 1280 3036 f)
1310 2998 1544 3028 memorabat
1574 3000 1604 3029 1.
1693 2997 1730 3038 g)
1759 2999 1864 3029 iussu
1895 3000 1925 3029 1.

97 3042 135 3085 h)
175 3047 236 3077 cui
274 3046 500 3077 vocabulum
540 3047 574 3077 1.
626 3044 786 3084 Spatium
826 3044 962 3075 nomini
1000 3045 1126 3075 omisso
1164 3054 1238 3076 non
1277 3050 1393 3076 vacat.
1495 3045 1522 3085 i)
1568 3049 1607 3077 ut
1646 3048 1675 3077 1.
1777 3045 1815 3087 k)
1848 3048 1927 3077 Gu-

96 3093 213 3126 buino
240 3094 302 3125 hoc
328 3095 401 3125 loco
428 3103 454 3125 c.
557 3092 583 3134 1)
611 3094 802 3125 talaunico
830 3102 927 3124 corr.
953 3093 1074 3125 Catal.

221 3191 265 3245 1)
297 3194 424 3233 Haec
456 3191 584 3233 Flod.
618 3206 658 3233 a.
682 3193 782 3242 959,
815 3191 985 3245 reliqua
1016 3205 1058 3232 a.
1080 3192 1182 3233 960.
1291 3192 1335 3244 2)
1362 3192 1558 3234 Odelrici
1583 3194 1750 3233 comitis
1789 3191 1927 3233 filium

95 3251 263 3293 indicat
283 3252 412 3294 Flod.
537 3251 583 3305 3)
617 3253 743 3293 Haec
766 3266 792 3292 a
813 3252 1065 3293 Flodoardo
1089 3265 1187 3292 mox
1209 3258 1308 3306 post
1329 3254 1531 3294 Divionis
1556 3254 1926 3306 expugnationem

96 3318 326 3364 ponuntur.
437 3313 483 3364 4)
516 3313 586 3354 Ita
619 3315 749 3353 etiam
776 3312 904 3353 Flod.
1028 3311 1074 3364 5)
1108 3313 1239 3352 Error
1271 3315 1484 3364 auctoris;
1518 3314 1664 3366 Hugo,
1699 3313 1924 3353 Heriberti

96 3371 227 3423 filius,
267 3373 692 3427 archiepiscopatum
724 3374 985 3414 Remensem
1027 3373 1270 3423 invaserat3
1315 3379 1358 3414 et
1400 3380 1518 3414 recte
1561 3373 1674 3413 infra
1717 3386 1813 3426 cap.
1853 3373 1923 3414 17.

99 3431 332 3473 Rotbertus
363 3433 496 3474 frater
528 3435 621 3474 eius
653 3438 848 3474 vocatur.
914 3433 1117 3474 Ceterum
1149 3432 1446 3474 Flodoardum
1479 3434 1690 3486 sequitur.
1796 3431 1842 3484 6)
1866 3433 1927 3473 Hi

99 3503 130 3530 a
150 3491 398 3534 Flodoardo
430 3507 514 3534 non
543 3495 831 3535 nominantur.
