2240 3879
272 220 355 261 180
660 217 912 260 RICHERI
944 214 1359 257 HISTORIARUM
1391 213 1573 253 LIBER
1605 214 1701 254 IIII

169 382 252 414 996.
409 356 702 410 Richardus
739 363 1046 425 pyratarum
1083 353 1193 405 dux
1228 350 1510 421 apoplexia
1539 352 1738 403 minore
1763 352 1932 420 periit.
1992 350 2106 402 Hil-

271 427 461 479 duinus
500 444 705 496 quoque
743 423 1039 476 vinolentia.

395 496 622 549 Sinodus
662 495 890 564 quinque
933 493 1302 562 episcoporum
1339 490 1393 539 in
1428 489 1606 541 Monte
1647 489 1870 541 Sanctae
1906 489 2108 541 Mariae

272 567 450 618 habita
487 575 580 620 est.
655 565 984 634 [Heinrieus1
1027 579 1234 631 quoque
1273 558 1382 609 dux
1421 558 1549 610 obiit
1563 561 1621 627 a].

79 656 190 690 Febr.
220 656 253 690 5.
410 635 531 687 Alia
565 636 692 687 item
735 631 949 684 sinodus
994 630 1137 700 apud
1173 627 1483 697 Engleheim
1531 627 1728 679 indicta
1777 636 1854 680 est
1898 635 2109 681 sanetae

272 704 509 774 Agathes
546 704 823 756 festivitate
859 700 1115 766 habenda,
1153 717 1285 768 quae
1313 706 1361 750 et
1393 715 1486 749 suo
1512 705 1748 766 tempore
1772 697 1952 748 habita
1977 699 2108 749 esth.

410 775 569 826 Berta
611 771 861 823 Rotberto
906 769 1103 822 nubere
1147 767 1354 834 volens,
1413 766 1729 819 Gerbertum
1775 765 1999 817 consulit
2046 783 2110 816 ao

273 844 339 895 ab
378 862 438 895 eo
478 842 785 894 confutatur.

412 911 698 964 Gerbertus
746 910 970 960 Romam
1018 908 1419 959 ratiocinaturus
1456 906 1616 971 vadit,
1675 923 1737 956 ae
1783 904 1859 957 ibi
1906 905 2109 956 ratione

271 999 443 1053 papae
482 981 618 1047 data,
657 998 777 1031 oum
814 977 984 1028 nullus
1022 985 1306 1043 accusaret,
1344 975 1445 1027 alia
1482 975 1694 1027 sinodus
1731 974 2024 1026 indiciturss.

410 1142 572 1211 Hugo
626 1159 722 1192 rex
775 1137 982 1208 papulis
1036 1145 1144 1189 toto
1201 1153 1418 1206 corpore
1467 1134 1760 1201 confectus,
1809 1134 1864 1185 in
1915 1133 2113 1204 oppido

273 1212 517 1281 Hugonis
553 1211 765 1262 Iudeis²
804 1209 1064 1260 extinctus
1103 1214 1194 1258 est.

411 1280 693 1332 Rotbertus
729 1297 826 1330 rex
862 1278 999 1347 patri
1037 1275 1349 1341 succedens,
1390 1293 1604 1325 suorum
1643 1272 1860 1325 consilio
1899 1273 2113 1324 Bertam

89 1363 169 1397 Oct·
198 1364 254 1396 23·
275 1351 426 1403 duxit
470 1368 718 1415 uxorem,
774 1366 834 1400 ea
882 1365 1008 1398 usus
1053 1347 1279 1410 ratione,
1338 1343 1480 1413 quod
1533 1343 1716 1395 melius
1774 1344 1839 1395 sit
1887 1361 2113 1412 parvum

175 1427 256 1463 99⁷·
274 1419 493 1490 aggredi
527 1418 739 1484 malum,
776 1425 834 1468 ut
869 1416 1190 1467 maximumd
1228 1414 1462 1465 evitetur.

409 1489 691 1540 Rotbertus
739 1505 861 1552 rex,
915 1487 1072 1536 dueta
1117 1484 1277 1535 Berta
1324 1500 1516 1547 uxore,
1567 1483 1621 1532 in
1657 1481 1970 1547 Falconem,
2025 1481 2114 1550 qui

276 1559 478 1612 Odonis
516 1556 845 1609 adversarius
881 1554 1063 1618 fuerat,
1101 1553 1263 1605 fertur
1302 1561 1353 1603 et
1388 1551 1454 1603 ab
1494 1569 1553 1603 eo
1581 1551 1769 1602 urbem
1795 1551 2115 1602 Turonieam

274 1637 325 1680 et
361 1627 462 1680 alia
500 1645 633 1696 quae
671 1631 973 1695 pervaserat
1008 1624 1116 1675 vim
1152 1622 1388 1690 reeipit3.

410 1698 691 1748 Rotbertus
727 1713 823 1746 rex
860 1695 915 1744 in
940 1693 1227 1762 Aquitania
1264 1691 1329 1743 ob
1360 1698 1606 1760 nepotem
1633 1708 1781 1741 suum
1808 1688 2117 1741 Wilelmuni

273 1767 543 1820 obsidione
579 1764 947 1816 Hildebertum
961 1771 1028 1798 e·4
1063 1762 1270 1831 premit.

413 1836 702 1888 Gerbertus
755 1835 945 1886 iterum
998 1833 1221 1883 Romam
1275 1830 1400 1882 adit.
1492 1830 1681 1899 Ibique
1737 1847 1858 1880 eum
1910 1846 2115 1880 moram

270 1907 478 1971 faceret,
516 1903 764 1955 Arnulfus
802 1903 860 1954 af
895 1903 1145 1954 Rotberto
1180 1919 1302 1969 rege
1340 1900 1630 1951 dimittitur.

414 1974 700 2027 Gerbertus
737 1992 856 2024 eum
883 1971 1121 2023 Rotberti
1151 1972 1288 2039 regis
1314 1969 1588 2038 perfidiam
1615 1969 1925 2033 dinosceret,
1967 1966 2118 2019 Otto-

274 2064 393 2097 nem
431 2063 610 2112 regem
647 2044 963 2112 frequentat,
1015 2050 1065 2092 et
1098 2040 1356 2109 patefacta
1395 2039 1474 2090 sui
1510 2039 1707 2107 ingenii
1743 2037 1960 2108 peritia,
2006 2036 2118 2108 epi·

277 2124 551 2183 scopatum
587 2114 943 2164 Ravennatem
982 2111 1047 2162 ab
1088 2127 1147 2160 eo
1184 2109 1425 2177 aecipit5.

174 2216 256 2248 993,
416 2183 702 2252 Gregorius
774 2189 948 2250 papa6
1009 2179 1190 2230 tandiu
1255 2178 1508 2246 permittit
1577 2175 1832 2228 Arnulfof
1883 2174 2114 2227 officium

278 2251 612 2317 sacerdotale,
669 2252 835 2302 donee
889 2251 943 2300 in
978 2248 1301 2317 temporibus
1350 2246 1736 2299 racionabiliter
1781 2252 1870 2297 aut
1904 2243 2115 2313 legibus

276 2323 519 2392 adquirat
551 2329 642 2372 aut
675 2319 878 2389 legibus
915 2319 1119 2370 amittat
1134 2327 1169 2369 g.

373 2478 409 2520 a)
448 2481 571 2510 ‘ilerum
607 2479 727 2509 deleta.
852 2475 889 2517 b)
928 2486 993 2508 vox
1021 2477 1159 2507 obtecta.
1297 2473 1329 2515 c)
1371 2475 1547 2513 hueusque
1574 2476 1770 2504 atramento
1789 2472 1896 2511 fusco
1925 2481 1995 2512 quo
2014 2471 2114 2511 solia

275 2530 401 2561 codicis
428 2528 558 2561 1-28,
594 2528 743 2558 exarata
770 2530 852 2557 sunt
891 2526 994 2567 (quae
1024 2526 1099 2565 jam
1131 2525 1189 2555 vite
1224 2524 1288 2563 Zeqi
1320 2527 1510 2562 possunt);
1549 2523 1685 2561 reliqua
1712 2526 1947 2553 atramentum
1972 2521 2116 2560 nigrum

273 2579 443 2616 soliorum
471 2576 637 2608 28—55¹.
662 2575 875 2615 praeferunt
997 2573 1034 2614 d)
1063 2583 1110 2606 m.
1138 2574 1290 2612 penitus
1319 2581 1351 2604 e.
1383 2575 1414 2603 1.
1528 2569 1563 2611 e)
1592 2571 1699 2602 illum
1729 2572 1761 2601 1.
1870 2569 1898 2610 f)
1920 2574 2003 2609 post
2030 2570 2115 2601 add.

276 2626 313 2667 g)
341 2626 545 2657 Arnulfum
591 2625 715 2656 officio
755 2623 981 2655 sacerdotali
1018 2624 1049 2654 1.
1139 2620 1177 2661 h)
1206 2622 1260 2652 hic
1285 2622 1491 2652 notitiarum
1511 2620 1611 2660 finis.
1663 2619 1813 2659 Reliqua
1835 2619 1974 2658 paqz'na
2000 2627 2116 2650 vacua

275 2676 453 2712 remansit,
493 2678 631 2713 ercepta
665 2674 878 2712 probatione
901 2681 1061 2711 pennae,
1098 2675 1128 2702 et
1163 2672 1228 2701 hac
1261 2671 1433 2701 sententia
1468 2669 1620 2709 inferius
1654 2668 1794 2699 Rickerz·
1819 2677 1928 2699 manu
1955 2668 2119 2698 adiecta:

275 2724 461 2755 Libellum
499 2732 610 2762 quem
644 2723 716 2754 hoo
751 2731 850 2753 anno
878 2721 1131 2760 praestitistis,
1176 2720 1220 2750 de
1248 2720 1452 2750 medicina.
1482 2722 1518 2749 et
1544 2718 1589 2749 de
1627 2717 1824 2757 speciebus
1860 2717 2114 2749 metallorum.

275 2773 425 2811 quando
452 2774 490 2803 in
517 2772 679 2802 armario
706 2772 819 2802 simul
846 2771 997 2802 fuimus.
1025 2769 1118 2800 mihi
1143 2769 1397 2800 transmittite.

398 2878 444 2934 1)
466 2882 701 2921 Heinricus
721 2880 1022 2920 Baioariorum
1046 2879 1130 2919 dux
1153 2892 1190 2920 a.
1216 2879 1316 2928 995,
1343 2877 1412 2917 die
1437 2877 1508 2916 27.
1529 2875 1717 2928 Augusti
1739 2875 1848 2915 obiit
1956 2874 2003 2926 2)
2025 2874 2056 2914 i.
2075 2885 2115 2914 e.

274 2956 302 2982 a
340 2942 533 2991 Iudaeis,
582 2941 765 2980 medicis
805 2941 1015 2990 fortasse,
1063 2944 1110 2979 ut
1153 2939 1207 2979 de
1250 2937 1413 2978 Karolo
1459 2936 1595 2978 Calvo
1636 2936 1898 2976 Hincmarus
1946 2933 2115 2976 scribit.

276 3001 324 3054 3)
360 3003 427 3043 Of.
461 3002 667 3042 Ademar.
713 3000 801 3049 III,
846 3001 927 3050 34,
984 3001 1063 3042 SS.
1099 3000 1175 3050 IV,
1230 3013 1271 3052 p.
1310 2999 1424 3048 131,
1478 2999 1552 3051 qui
1605 2997 1718 3036 haec
1772 2996 1900 3036 aliter
1951 2998 2111 3034 narrat.

274 3062 321 3116 4)
355 3062 620 3103 Aldebertus
653 3062 1030 3113 petragoricensis
1064 3074 1133 3114 ap.
1166 3060 1323 3100 Adem.
1356 3059 1385 3100 1.
1418 3059 1450 3100 l.
1573 3055 1621 3111 5)
1655 3057 1888 3097 Rieherum
1925 3055 2113 3096 Gerber-

274 3130 364 3165 tum
400 3125 650 3164 comitatum
686 3135 781 3163 esse
814 3121 1003 3175 ideoque
1031 3120 1150 3161 filum
1173 3120 1433 3161 narrationis
1457 3118 1698 3172 abrupisse,
1721 3129 1872 3171 pamm
1895 3114 2114 3169 probabili

278 3186 530 3225 coniectura
562 3184 713 3224 statuit
738 3183 1023 3231 Lenormant3
1051 3182 1104 3221 ef.
1120 3182 1294 3223 Guadet
1311 3183 1345 3232 Ι,
1369 3195 1409 3234 p.
1424 3180 1561 3220 XXV.
1687 3176 1733 3230 6)
1768 3177 1888 3218 Obiit
1931 3188 1968 3216 a.
2008 3175 2113 3223 999,

279 3245 348 3285 die
382 3245 615 3285 Februarii
651 3243 725 3296 18,
774 3249 816 3283 et
850 3242 920 3283 die
952 3242 1114 3296 Aprilis
1150 3243 1190 3283 2.
1238 3243 1432 3296 proxime
1467 3240 1667 3293 sequenti
1701 3237 1936 3278 Gerbertus
1968 3236 2114 3291 ponti·

277 3304 452 3347 ficatum
486 3306 727 3346 Romanum
762 3303 946 3357 adeptus
982 3308 1059 3344 est.
