2240 3879
468 211 720 252 RICHERI
754 212 1172 253 HISTORIARUM
1203 211 1386 251 LIBER
1418 212 1532 251 1111.
1849 211 1931 250 173

82 357 194 402 tum
231 366 436 401 necnon
472 356 523 400 et
560 350 931 418 episcoporum
973 346 1294 398 voluntatem
1339 365 1497 415 super
1543 346 1641 397 hoc
1691 348 1929 415 aperiant
1947 360 2029 393 995.

82 419 280 487 eisque,
318 426 377 469 ut
414 435 534 468 cum
572 419 677 468 suis
715 418 977 487 episcopis
1016 416 1346 480 conveniant,
1396 414 1775 467 rationabiliter
1813 433 1928 465 sua-

81 485 297 552 deant³;
322 486 496 537 locum
523 487 681 538 etiam
705 495 1034 555 tempusque,
1063 502 1166 553 quo
1194 493 1246 535 et
1273 483 1482 552 quando
1511 484 1926 535 conveniendum

80 564 244 675 essset,
294 574 326 606 a
361 557 574 625 regibus
613 556 873 607 discerent
915 554 1237 621 eorumqueb
1285 554 1517 603 animum
1568 571 1635 603 ex
1679 552 1780 603 hoc
1829 552 1929 603 sibi

79 643 136 676 re
161 632 345 676 errent.

80 752 165 804 96.
239 753 432 818 Quodc
467 753 682 823 regibus
722 752 1087 822 [nuntiat]umC
1127 752 1215 816 sit,
1266 752 1539 820 episcopos
1581 749 1928 802 Germaniaec

628 824 682 874 in
721 820 982 896 [sinodum
999 822 1036 889 0]
1076 821 1370 872 convenire.

218 907 405 976 Legati
464 909 623 978 igitur
681 907 864 959 directi
917 914 1052 957 sunt.
1157 904 1377 974 Legatio
1441 921 1647 973 quoque
1707 903 1926 972 prolata.

77 976 292 1041 Quamd
330 978 486 1028 etiam
523 995 671 1045 reges
709 976 1041 1027 serenissima
1076 984 1250 1026 mente
1288 975 1626 1042 excipienteS,
1670 991 1839 1041 papae
1877 980 1925 1024 et

78 1047 450 1116 episcoporum
486 1046 745 1096 mandatis
782 1045 838 1095 in
872 1043 1014 1095 nullo
1052 1051 1176 1094 tunc
1208 1043 1456 1111 refragati
1483 1049 1626 1107 sunt3
1668 1060 1778 1094 sese
1807 1059 1924 1092 con-

75 1113 252 1166 silium
291 1134 449 1185 super
482 1115 582 1165 hoc
621 1115 947 1184 quaesituros
984 1113 1362 1182 respondentes
1409 1121 1565 1180 atque
1607 1112 1923 1179 aequitatem

77 1183 143 1235 de
182 1186 423 1236 omnibus
459 1183 706 1234 facturos.
778 1184 991 1252 Legatis
1028 1183 1205 1250 itaque
1244 1182 1502 1246 abductis,
1539 1198 1635 1248 per
1668 1179 1924 1248 quosdam

73 1253 291 1321 regibus
328 1253 616 1303 indica-tum
642 1260 734 1318 est,
773 1251 1161 1303 Adalberonem
1186 1251 1591 1301 Laudunensem
1618 1251 1924 1317 episcopum

75 1321 207 1374 haec
246 1320 364 1373 dolo
404 1322 698 1388 ordinasse3
739 1323 948 1372 omnino
997 1322 1153 1373 etiam
1199 1320 1342 1389 apud
1377 1319 1618 1372 Odonem
1655 1317 1784 1368 illud
1821 1319 1924 1386 pri-

74 1391 196 1443 dem
231 1399 600 1460 pertractasse,
640 1409 820 1443 eorum
857 1400 1135 1459 utrumque
1167 1390 1222 1440 in
1246 1398 1368 1440 voto
1395 1387 1656 1447 habuisse,
1693 1396 1750 1438 ut
1778 1385 1924 1438 Otto-

74 1470 228 1512 neme
264 1479 444 1529 regem
483 1459 669 1511 Galliis
706 1459 1016 1511 inducerent
1065 1468 1115 1511 et
1165 1477 1317 1527 reges
1354 1458 1565 1526 ingenio
1618 1466 1668 1508 et
1717 1456 1920 1507 viribus

69 1529 212 1580 foras
252 1537 641 1599 expungerent3
693 1530 969 1598 episcopos
1020 1547 1231 1598 quoque
1271 1526 1584 1579 Germaniae
1634 1526 1752 1577 ideo
1805 1542 1922 1575 con-

70 1598 270 1664 venire,
308 1606 367 1649 ut
402 1597 576 1649 dolum
618 1599 911 1667 quaesitum
950 1597 1209 1666 expleant.
1280 1598 1454 1665 Reges
1492 1597 1699 1664 itaque,
1737 1594 1921 1645 fraude

70 1676 340 1737 percepta,
379 1668 642 1736 episcopis
668 1668 769 1717 iam
799 1667 867 1718 ad
891 1667 1063 1717 locum
1102 1665 1460 1734 designatumf
1489 1663 1921 1715 convenientibus

72 1754 170 1805 per
193 1735 394 1804 legatos
419 1737 720 1788 indicavere
736 1746 773 1802 g,
816 1755 930 1788 sese
956 1735 1080 1787 illuc
1104 1754 1209 1786 non
1233 1737 1412 1800 ituros,
1453 1752 1512 1786 eo
1542 1734 1682 1802 quod
1708 1751 1921 1784 suorum

71 1807 390 1874 praecipuos
426 1807 626 1874 penesh
677 1807 762 1856 seh
799 1824 905 1857 non
940 1805 1219 1866 haberent,
1259 1805 1401 1855 sineh
1441 1821 1663 1872 quorum
1703 1801 1921 1853 consilio

72 1873 204 1925 nihil
238 1875 502 1942 agendum
538 1874 625 1926 vel
674 1874 1051 1926 omittendumi
1089 1874 1390 1939 videbatur3
1437 1872 1713 1941 indignum
1765 1872 1923 1922 etiam

69 1944 177 1995 sibi
201 1945 385 2010 videri,
419 1946 463 1995 si
490 1944 801 1996 correctioni
827 1945 1197 2012 episcoporum
1225 1942 1541 1995 Germaniae
1568 1959 1689 1992 suos
1716 1940 1922 2005 subdat,

75 2031 199 2064 cum
236 2014 322 2065 isti
358 2031 464 2064 non
494 2015 666 2064 minus
691 2012 909 2079 nobiles,
947 2031 1053 2064 non
1077 2014 1249 2063 minus
1275 2018 1532 2080 potentes,
1572 2028 1736 2079 aeque
1765 2011 1923 2061 etiam

73 2090 165 2133 aut
195 2081 420 2151 amplius
459 2083 719 2151 sapientes
758 2084 885 2149 sint,
923 2083 1027 2151 ipsi
1063 2100 1205 2151 ergo,
1245 2083 1289 2132 si
1324 2080 1587 2149 indigent,
1626 2080 1682 2130 in
1721 2077 1920 2130 Gallias

71 2158 382 2220 properent,
443 2152 582 2203 unde
631 2150 814 2202 volunt
860 2151 1096 2217 edicant3
1151 2150 1412 2220 alioquin,
1463 2149 1680 2201 redeant
1728 2157 1779 2200 et
1830 2165 1924 2199 sua

73 2227 134 2271 ut
167 2220 297 2272 libet
333 2230 529 2273 curent.
603 2220 810 2272 Horum
849 2222 1011 2290 ergoh
1048 2239 1130 2272 res
1165 2221 1218 2270 in
1247 2219 1567 2270 contrarium
1593 2218 1797 2285 relapsa
1828 2225 1920 2269 est.

72 2288 338 2342 Adalbero
384 2291 538 2356 enim,
576 2291 667 2359 qui
713 2290 900 2341 horum
944 2290 1239 2340 ministrum
1286 2305 1400 2340 sese
1448 2288 1753 2355 prebuerat,
1803 2304 1923 2336 cum

72 2357 379 2410 delationisk
397 2361 604 2410 nescius
618 2376 769 2426 reges
789 2366 1039 2424 moneret,
1066 2365 1123 2408 ut
1153 2357 1546 2408 occurrentibus
1574 2356 1924 2419 obvenirentl,
1984 2358 1991 2363 “

73 2446 171 2479 rex
206 2436 505 2494 veteranus,
543 2427 807 2478 fraudium
848 2428 991 2478 nonh
1036 2427 1281 2495 ignarus,
1329 2425 1688 2490 Ludovicum,
1738 2422 1923 2474 Karoli

72 2496 256 2563 filium,
295 2496 362 2548 ab
402 2514 462 2548 eo
499 2496 745 2565 reposcit,
783 2514 938 2565 quem
976 2497 1031 2546 in
1069 2496 1312 2563 captione
1338 2494 1585 2544 Lauduni
1624 2501 1835 2563 captum
1875 2493 1922 2543 ei

73 2566 480 2618 custodiendum
517 2566 863 2616 commiserat.
948 2564 1272 2633 Repoposcit
1310 2564 1466 2615 etiam
1504 2561 1736 2614 eiusdem
1776 2561 1920 2613 urbis

68 2653 265 2702 arcem,
304 2653 463 2705 qua-m
502 2633 738 2685 similiter
774 2634 1123 2685 commiserat.

144 2765 240 2830 297.
313 2763 625 2815 Adalberom
663 2764 819 2816 totius
860 2762 1140 2834 [fraudism]
1182 2780 1340 2813 causa
1375 2760 1832 2830 reprehenditur¹¹¹.

217 2849 336 2912 Quo
376 2849 575 2900 credita
610 2847 829 2899 reddere
865 2849 1064 2913 reniso,
1101 2846 1235 2916 regii
1271 2847 1548 2914 stipatores
1582 2846 1757 2895 animo
1790 2843 1920 2894 indi-

70 2924 272 2986 gnante
299 2917 652 2969 subinferunt:
703 2916 856 2968 ‘Cum
881 2925 953 2982 tu,
994 2918 1023 2967 ό
1051 2917 1316 2985 episcope,
1342 2919 1398 2965 in
1421 2915 1710 2983 perniciem
1734 2932 1922 2982 regum

74 2995 130 3038 et
182 2986 485 3056 principum
540 2986 683 3055 apud
735 2986 983 3038 Ottonem
1029 3003 1207 3054 regem
1258 2994 1308 3037 et
1355 2983 1595 3036 Odonem
1656 2984 1921 3034 tirannum

74 3054 301 3125 plurima
348 3057 660 3124 quaesieris,
709 3055 971 3125 quomodo
1015 3055 1100 3106 hic
1152 3062 1273 3105 ante
1320 3053 1561 3104 dominos
1611 3060 1729 3103 tuos
1768 3070 1920 3119 reges

70 3132 184 3176 tam
220 3124 501 3192 magnifica
538 3124 837 3193 confingere
872 3141 978 3175 non
1014 3122 1244 3175 vereris?
1317 3122 1460 3187 Quid
1496 3121 1828 3172 Ludovicum
1871 3129 1922 3171 et

69 3210 251 3245 arcem
285 3193 541 3246 redderen
598 3194 815 3259 metuis,
871 3193 915 3243 si
963 3192 1123 3244 fidem
1169 3190 1382 3260 regibus
1430 3199 1481 3242 te
1532 3207 1766 3242 servasse
1815 3207 1922 3240 non

177 3348 214 3390 a)
243 3349 317 3388 Qui
342 3354 543 3390 postquam
568 3352 815 3391 impetrarent
841 3351 879 3381 et
901 3349 927 3380 1.
944 3351 968 3379 t.
988 3351 1019 3380 1.
1121 3347 1159 3389 b)
1189 3352 1353 3388 quepost
1367 3348 1449 3380 add.
1551 3345 1585 3388 c)
1613 3346 1733 3386 Quod,
1761 3346 1922 3385 nuntiat,

79 3397 196 3438 Gern,
223 3399 399 3430 sinodum
416 3400 509 3431 absc.
610 3399 646 3440 d)
677 3399 785 3437 Quod
799 3401 832 3430 1.
935 3396 970 3437 e)
999 3397 1042 3430 Ο.
1071 3407 1101 3429 r.
1128 3407 1155 3428 c.
1182 3397 1337 3436 saepius.
1435 3395 1465 3436 f)
1494 3404 1606 3434 quem
1628 3403 1736 3434 reges
1751 3396 1924 3433 designa-

71 3450 212 3478 verant
227 3449 260 3479 1.
361 3447 399 3489 g)
427 3449 656 3480 indicavitl.
756 3447 794 3488 h)
822 3450 900 3487 post
913 3447 994 3478 add.
1093 3444 1121 3486 i)
1151 3455 1184 3477 0.
1199 3445 1424 3477 videbantur
1442 3447 1474 3476 1.
1575 3443 1616 3485 k)
1644 3444 1870 3483 proditionis
1887 3446 1919 3474 1.

0 3483 1 3511 l
72 3493 106 3535 1)
135 3495 332 3527 obveniret
356 3505 385 3529 c.
498 3496 549 3537 m)
578 3495 817 3538 Ad(alber0)‚
844 3495 1001 3536 fraudiS‚
1029 3493 1166 3535 repreh
1193 3493 1284 3525 absc.
1397 3491 1438 3532 n)
1467 3493 1599 3524 redere
1625 3502 1720 3526 corr.
1749 3492 1920 3525 reddere.
