2240 3879
502 211 752 252 RICHERI
787 212 1201 254 HISTORIARUM
1233 211 1415 252 LIBER
1449 213 1486 254 Ι.
1862 215 1913 253 13

76 351 131 400 111
156 349 351 401 11131010
377 350 548 416 gratia
573 348 716 418 apud
740 367 918 418 regem
944 366 1054 399 sese
1081 348 1263 399 haberi
1290 357 1511 417 putaret,
1551 360 1729 418 utpote
1757 369 1913 420 quem
1934 372 2014 405 920.

77 419 263 470 ducem
299 419 353 468 in
391 417 589 470 Celtica
629 418 868 469 omnibus
905 416 1240 486 prefecerat1,
1294 435 1410 468 cum
1460 436 1555 469 rex
1592 420 1680 468 ina
1718 421 1912 488 palatio

77 486 309 552 sedisset,
360 488 469 538 eius
518 489 662 538 iussu
705 488 814 538 dux
861 486 1092 550 dexterb,
1149 485 1374 554 Hagano
1425 505 1631 556 quoque
1677 490 1723 538 ei
1761 489 1913 540 levus

75 558 302 625 pariter⁰
339 557 545 608 resedit.
619 556 898 607 Rotbertus
934 573 1056 606 vero
1075 556 1096 587 ‘¹
1135 554 1245 605 dux
1281 556 1436 607 tacite
1474 557 1747 625 indignum
1785 558 1912 609 fere-

75 627 181 691 bat,
218 644 497 694 personam
542 626 896 677 mediocrem*
934 623 1035 674 sibi
1076 626 1289 693 aequari
1323 625 1761 694 magnatibusque
1796 645 1911 695 pre-

74 696 215 764 pom'.
272 696 344 747 At
368 697 500 746 iram
525 697 786 762 mitigans,
813 693 1046 744 animum
1072 692 1450 760 dissimulabat,
1486 697 1579 746 vix
1604 697 1716 764 regi
1740 714 1912 764 pauca

75 766 293 816 locutus,
370 764 600 816 Celerius
638 780 763 830 ergo
801 763 980 829 surgit,
1018 780 1079 814 30
1108 780 1226 813 cum
1254 765 1359 814 suis
1387 764 1660 815 consilium
1698 765 1907 817 confert.

75 834 216 898 *Quo
263 833 462 898 0011310,
506 833 618 900 regi
660 850 756 900 per
800 830 1000 900 legatos
1050 833 1298 901 suggerit,
1356 852 1468 884 sese
1522 834 1750 903 perferre
1805 845 2094 886 non‘f01.c‘.

74 921 229 972 posse
268 902 369 954 sibi
405 903 753 969 Haganonem
791 902 1003 970 aequari
1051 901 1467 972 primatibusque
1515 903 1784 970 anteferri3
1835 905 1910 955 in-

76 974 293 1041 dignum
330 972 485 1022 etiam
522 969 703 1035 videri,
758 969 1059 1021 huiusmodi
1104 969 1368 1022 hominem
1414 973 1527 1041 regi
1574 973 1805 1039 haerere,
1861 981 1912 1026 et

77 1041 345 1095 Gallorum
380 1039 732 1091 nobilissimos
768 1038 923 1108 longe
960 1039 1226 1091 absistere.
1302 1042 1473 1106 Quem
1509 1043 1610 1093 nisi
1636 1044 1690 1093 in
1715 1043 1910 1095 medio-

74 1112 307 1162 critatem
344 1108 562 1176 redigat,
614 1126 726 1159 sese
776 1127 896 1160 eum
946 1108 1141 1160 crudeli
1187 1110 1469 1178 suspendio
1518 1112 1907 1164 suffocaturum.

71 1180 188 1231 Rex
225 1177 400 1229 dilecti
434 1179 776 1246 ignominiam
812 1197 918 1229 non
949 1197 1150 1247 passus,
1187 1180 1388 1230 facilius
1417 1198 1470 1230 se
1497 1182 1730 1231 omnium
1757 1181 1909 1232 collo-

73 1249 194 1317 quio
225 1266 382 1316 quam
419 1247 572 1298 huius
597 1247 951 1299 familiaritate
988 1266 1143 1317 posse
1183 1266 1373 1316 carere,
1411 1250 1694 1319 respondit.
1752 1251 1909 1315 Quod

70 1318 290 1368 nimium
325 1317 605 1368 Rotbertus
642 1318 958 1385 indignatus,
998 1335 1117 1368 cum
1155 1319 1496 1387 optimatibus
1533 1319 1796 1389 plerisque
1833 1322 1908 1371 in-

0 1389 1 1409 ³
70 1388 274 1438 iussuse
312 1386 611 1438 Neustriam
647 1388 778 1455 petit
813 1404 874 1438 ac
905 1387 1130 1438 Turonis
1169 1406 1282 1439 sese
1319 1389 1531 1458 recipit,
1578 1389 1796 1440 multam
1832 1389 1908 1441 ibi

0 1455 1 1459 ¹
69 1457 134 1508 de
170 1457 309 1525 regis
345 1455 553 1508 levitate
601 1456 1046 1525 indignationemf
1083 1456 1308 1524 habens3
1361 1457 1588 1527 plurima
1634 1460 1806 1525 etiam,
1853 1467 1909 1510 ut

69 1527 124 1576 in
166 1543 219 1576 se
268 1525 660 1577 transfimdatur
713 1544 886 1577 rerum
941 1545 1160 1592 summa,
1215 1527 1358 1596 apud
1412 1546 1532 1579 suos
1589 1536 1738 1579 caute
1793 1546 1907 1597 per-

69 1603 310 1647 tractans.
387 1595 640 1660 Quamvis
656 1597 710 1628 **·
729 1605 751 1638 ‘0⁷
796 1597 988 1646 etenim
1042 1597 1194 1664 regig
1256 1597 1467 1663 faveret,
1523 1607 1665 1648 nong
1711 1598 1907 1648 medio-

70 1665 224 1716 criter
258 1672 472 1715 tamen-g
509 1667 556 1715 ei
592 1683 812 1733 regnum
848 1664 1119 1716 invidebat
1133 1675 1169 1730 g,
1209 1683 1328 1716 cum
1366 1666 1466 1717 sibi
1503 1675 1659 1736 post-‘3
1694 1667 1908 1719 fratrem

68 1733 505 1785 hereditandumg
541 1736 711 1802 magis
748 1733 963 1786 videret.
1036 1734 1298 1787 Nonnulla
1325 1753 1530 1806 quoque
1557 1736 1906 1788 1110110113111111

69 1805 125 1853 111
160 1802 445 1854 Fulconem
481 1804 766 1854 Remorum
814 1802 1286 1872 metropolitanum,
1336 1806 1425 1874 (1111
1467 1824 1646 1873 regem
1684 1825 1713 1856 a
1752 1824 1906 1856 cuna-

68 1871 206 1923 bulis
244 1872 557 1925 educaverat
593 1881 749 1942 atque
786 1874 840 1923 111
886 1891 1106 1941 regnum
1155 1882 1490 1942 promoverat
1506 1884 1539 1926 2.
1613 1874 1908 1926 Videbatur

69 1942 275 2007 etenim,
326 1944 462 2011 quia,
513 1944 556 1992 si
592 1944 636 1992 is
675 1942 842 1993 solum
879 1942 1152 2011 deperiret,
1203 1943 1406 1994 facilius
1450 1943 1655 1995 refimdi
1704 1946 1758 1995 in
1795 1963 1907 1996 sese

69 2029 290 2079 regnum
343 2013 612 2081 potuisset.
686 2012 749 2062 Id
803 2012 961 2063 etiam
1016 2013 1158 2079 apud
1209 2012 1528 2065 Balduimun
1582 2014 1908 2066 Morinorum

68 2081 361 2150 principem
378 2091 395 2117 3
422 2081 706 2133 admodum
731 2081 979 2149 agitabat.
1042 2082 1147 2133 Hic
1173 2084 1312 2133 enim
1338 2082 1404 2134 ab
1436 2102 1496 2134 eo
1514 2084 1584 2107 ***
1610 2103 1907 2153 persuasus,

68 2151 178 2201 eius
217 2158 391 2220 partes
428 2151 560 2201 iami
599 2169 720 2219 rege
760 2151 964 2202 deserto
1004 2150 1332 2220 sequebatur.

265 2263 448 2304 cottidie
483 2277 706 2316 egressum
739 2264 856 2316 regis
890 2277 916 2303 a
947 2264 1247 2317 penetralibus
1272 2264 1399 2304 aulae
1422 2264 1731 2318 prestolantur.
1798 2265 1908 2306 Cum

259 2337 362 2364 vero
396 2323 563 2364 nullum
597 2325 659 2364 eis
693 2324 748 2364 ab
782 2337 887 2375 rege
931 2337 1187 2378 responsum
1230 2339 1307 2378 per
1352 2325 1445 2365 dies
1490 2330 1674 2378 quatuor
1718 2325 1907 2377 daretur,
1979 2371 1986 2376 ,

260 2385 497 2425 Ηο111110115
529 2384 575 2423 id
607 2384 915 2425 molestissime
948 2385 1108 2436 ferens,
1144 2387 1306 2426 dixisse
1331 2386 1480 2433 fertur,
1515 2390 1589 2425 aut
1613 2386 1908 2438 Haganonem

264 2445 525 2497 quandoque
561 2458 658 2484 cum
682 2445 844 2485 Karolo
876 2451 1173 2497 regnaturum,
1207 2451 1282 2486 aut
1303 2446 1511 2486 Karolum
1539 2459 1636 2485 cum
1659 2447 1907 2499 Haganone

264 2505 319 2543 ad
353 2518 495 2544 rerum
527 2505 878 2545 mediocritatem
906 2506 1217 2557 deventurum3
1260 2507 1583 2559 indignansque
1618 2520 1721 2558 rege
1755 2509 1905 2548 incon-

262 2565 375 2605 sulto
412 2565 626 2606 discessit.
684 2565 1020 2607 Elclcelzarduffl.

187 2624 225 2678 *)
258 2625 496 2677 ignobilem
535 2627 575 2665 1.

166 2683 224 2740 **)
260 2686 467 2735 Quamvis
502 2708 554 2714 —
590 2684 760 2725 videret
793 2685 818 2723 2
852 2685 897 2725 in
922 2700 1058 2739 marg.
1184 2684 1263 2738 ***)
1296 2685 1360 2726 ita
1394 2687 1442 2737 2;
1480 2700 1505 2725 3
1537 2687 1748 2727 Rotberto
1786 2688 1823 2728 1.

162 2774 198 2816 a)
215 2777 255 2808 in
270 2785 305 2815 p.
326 2780 407 2815 post
421 2777 502 2807 add.
579 2774 616 2815 b)
634 2785 756 2808 ecorr.
834 2774 868 2816 0)
888 2777 968 2807 add.
989 2777 1022 2808 2.
1101 2775 1138 2817 d)
1155 2786 1189 2808 v.
1205 2777 1240 2808 d.
1257 2779 1271 2807 t
1310 2777 1349 2807 in
1365 2777 1438 2808 loco
1454 2787 1538 2808 raso
1566 2778 1599 2808 2.
1676 2776 1710 2817 e)
1724 2782 1805 2817 post
1824 2779 1905 2811 add.

66 2822 96 2864 f)
113 2826 388 2863 querimoniam
407 2827 439 2856 1.
507 2824 543 2865 g)
562 2825 605 2865 Q,
622 2834 650 2864 r,
666 2833 755 2866 non,
771 2833 870 2865 men,
886 2827 937 2865 vi,
951 2834 1011 2866 po,
1028 2825 1080 2856 dit
1093 2826 1184 2857 absc.
1262 2823 1300 2865 h)
1317 2826 1366 2856 ita
1387 2827 1427 2865 23
1455 2827 1617 2857 moliens
1634 2827 1666 2859 1.
1730 2826 1758 2868 i)
1775 2828 1854 2860 add.
1872 2829 1903 2860 2.

190 2886 235 2942 1)
260 2889 325 2929 Cf.
353 2902 390 2932 c.
418 2890 486 2929 14.
612 2889 656 2939 2)
680 2888 888 2929 Fulconis
913 2888 1094 2928 caedem
1117 2890 1245 2930 rebus
1269 2890 1527 2942 Haganonis
1550 2904 1780 2944 perperam
1805 2905 1907 2933 con—

68 2949 203 3001 iungi,
229 2951 316 2989 iam
350 2963 560 2990 annorum
592 2949 697 2989 ordo
731 2950 836 2989 satis
871 2948 1153 2990 demonstrat.
1220 2950 1288 2990 Cf.
1324 2951 1377 2991 de
1402 2964 1455 2991 ea
1472 2951 1583 2992 Ann.
1602 2952 1783 2993 Vedast.
1806 2953 1906 3002 900,

65 3023 108 3061 p.
143 3010 242 3051 209.
397 3009 443 3063 3)
476 3010 714 3050 Flandriae
749 3010 970 3049 comitem.
1104 3008 1152 3063 4)
1184 3011 1382 3052 Fabulae
1426 3012 1577 3062 huius,
1630 3012 1737 3053 licet
1775 3015 1906 3066 genio

65 3070 242 3110 Richeri
265 3072 427 3124 optime
452 3072 699 3121 conveniat,
726 3070 892 3110 nullum
915 3072 961 3109 in
985 3070 1138 3111 codice
1161 3073 1409 3124 vestigium,
1441 3085 1524 3112 nec
1549 3086 1645 3113 eam
1669 3087 1695 3112 a
1717 3074 1906 3113 Richero

66 3130 307 3182 profectam
352 3145 462 3181 esse,
505 3132 695 3171 narratio
727 3131 840 3170 infra
884 3143 980 3184 cap.
1016 3131 1086 3172 20.
1133 3132 1187 3172 de
1233 3145 1365 3173 causa
1407 3134 1663 3174 inimicitiae
1708 3134 1908 3173 Heinrici

66 3191 271 3234 ostendit.
320 3192 370 3232 P.
436 3192 503 3232 Cf.
537 3192 855 3244 Forschungen
888 3191 974 3242 ΙΙΙ,
1016 3205 1059 3244 p.
1096 3192 1204 3243 1453
1246 3193 1399 3233 Jahrb.
1431 3194 1644 3234 Heinrich
1678 3195 1714 3233 Ι.
1749 3208 1790 3246 p.
1826 3195 1905 3245 303

69 3254 112 3291 et
141 3252 279 3303 praef.
341 3253 562 3306 Equidem
593 3252 923 3306 Ekkehardum,
960 3253 1035 3304 qui
1066 3252 1177 3292 haec
1210 3255 1372 3306 apertis
1394 3254 1540 3294 verbis
1565 3254 1708 3294 eidem
1734 3253 1905 3295 Gallico

67 3311 416 3366 historiographo
448 3313 612 3361 tribuit,
648 3326 699 3352 ex
734 3326 817 3365 quo
852 3312 940 3352 alia
971 3311 1109 3352 multa
1141 3327 1252 3366 quae
1286 3315 1404 3367 apud
1436 3315 1671 3355 Richerum
1704 3314 1906 3367 leguntur

69 3369 313 3426 descripsit,
347 3375 392 3413 in
422 3373 528 3414 folio
563 3377 712 3414 assuto
744 3375 833 3413 iam
868 3372 1097 3425 deperdito
1130 3375 1349 3415 invenisse
1382 3377 1583 3427 putarim.
1648 3376 1770 3424 Quae
1802 3388 1905 3415 vero

70 3443 107 3470 0.
142 3432 213 3473 20.
246 3434 474 3474 traduntur
506 3440 636 3474 antea
669 3435 833 3488 scripta
863 3434 996 3474 fuisse
1031 3438 1213 3487 oportet,
1256 3435 1446 3488 ideoque
1482 3449 1577 3475 cum
1613 3435 1678 3475 his
1711 3448 1906 3488 pugnare

67 3491 140 3530 vix
175 3492 265 3533 diei
296 3499 489 3547 possunt.
538 3495 608 3534 W.
