2240 3879
520 200 770 241 RICHERI
804 201 1218 242 HISTORIARUM
1251 203 1432 243 LIBER
1465 205 1499 244 I.
1877 208 1932 246 33

97 339 163 389 ab
202 338 436 389 exercitu
473 338 656 390 cedere
696 338 860 390 coacti
898 345 1031 388 sunt.
1115 340 1196 389 Ac
1234 340 1466 403 coartati,
1523 341 1655 392 saltu
1705 343 1933 412 quodam
1953 358 2034 388 926·

95 407 259 458 vitam
298 407 431 457 tueri
467 406 782 461 nitebantur.
838 406 910 457 At
946 408 1208 457 exercitus
1247 408 1655 478 circumquaque
1685 430 1771 462 eos
1801 414 1933 464 obsi-

97 475 241 541 dens,
279 475 410 526 adeo
447 476 682 544 urgebat.
739 474 819 526 Illi
844 493 967 527 vero
1005 485 1163 526 noctu
1202 478 1471 544 eruptione
1497 477 1649 541 facta,
1688 481 1740 530 in
1768 494 1934 532 castra

94 545 232 612 regis
281 544 532 595 feruntur.
616 545 688 595 Et
738 542 1161 595 circumvallante
1213 546 1449 596 exercitu
1486 548 1692 614 penitus
1730 549 1932 614 inclusi,

94 612 379 664 miserabili
415 612 653 664 fortunae
692 613 1033 664 succubuere.
1108 611 1243 663 Octo
1282 632 1508 683 namque
1536 634 1716 667 eorum
1754 617 1930 667 milial

93 682 166 733 ibi
205 699 324 734 cesa
360 682 672 734 referuntur.
763 680 879 744 Quo
917 680 1143 731 tumultu
1190 691 1319 733 rexa
1357 684 1490 735 inter
1526 684 1769 736 humeros
1821 705 1933 736 sau-

95 752 276 815 ciatus,
317 751 681 819 Hildegaudus
713 768 852 811 vero,
894 748 1166 801 clarissimi
1191 754 1398 820 generis
1425 771 1616 817 comes,
1657 755 1932 823 interemp-

93 828 177 871 tus
229 829 332 885 est3
400 819 591 889 aliique
640 818 875 869 nonnulli
920 836 1015 870 nec
1062 828 1239 871 tamen
1295 820 1468 890 aliquo
1526 824 1735 874 nomine
1792 822 1931 874 clari.

93 889 210 940 Rex
245 890 463 939 victoria
500 889 712 956 potitus7
752 887 1069 938 Laudunum
1107 888 1276 940 rediit.

701 987 783 1038 52.
838 986 1018 1038 Lunae
1057 987 1277 1039 defectio
1295 990 1331 1039 Ι).

231 1071 380 1121 Tunc
427 1071 583 1123 etiam
632 1069 755 1120 luna
804 1071 882 1121 14.
933 1080 1099 1123 terrae
1140 1071 1349 1123 obiectu
1388 1072 1680 1137 obscurata,
1731 1076 1934 1127 visibus
1956 1094 2036 1125 927.

92 1140 440 1190 intuentiumc
496 1139 700 1191 defecit.
790 1140 946 1191 Acies
1002 1158 1209 1210 quoque
1259 1142 1443 1209 igneae
1493 1143 1670 1193 Remis
1718 1145 1771 1193 in
1827 1144 1935 1196 celo

91 1210 233 1260 visae
273 1217 407 1260 sunt.
489 1207 693 1273 Quibus
730 1209 1151 1277 presagientibus
1191 1211 1370 1279 signis,
1425 1210 1651 1262 febrium
1690 1230 1750 1263 ac
1787 1217 1940 1265 tussi-

94 1277 330 1329 cularum
372 1277 587 1328 morbus
635 1296 661 1328 e
710 1279 931 1346 vestigio
982 1279 1207 1348 irrepsit.
1293 1279 1448 1331 Unde
1497 1280 1734 1332 nonnulli
1780 1281 1936 1334 loeta-

92 1345 210 1398 liter
258 1347 448 1412 affecti‚
489 1347 801 1400 occubuere.
884 1347 1020 1399 Cum
1067 1348 1146 1399 his
1195 1367 1401 1418 quoque
1441 1358 1490 1401 et
1532 1349 1702 1401 litium
1750 1351 1938 1402 tumul-

91 1417 255 1468 tuatio
281 1417 416 1468 inter
442 1434 622 1484 regem
659 1434 720 1467 ac
759 1416 1114 1483 Heribertum,
1155 1419 1244 1487 qui
1270 1417 1527 1470 Karolum
1565 1418 1660 1470 sub
1702 1421 1938 1472 custodia

93 1486 374 1550 detinebat,
428 1504 533 1536 non
586 1486 796 1538 modica
850 1486 1132 1538 subsecuta
1180 1495 1336 1556 atque
1387 1489 1685 1556 exagitatad
1733 1499 1824 1552 est,
1876 1508 1936 1541 eo

95 1555 237 1624 quod
281 1555 594 1607 Heribertus
643 1555 708 1607 ab
746 1573 870 1623 rege
906 1557 1070 1607 nimia
1108 1558 1404 1626 expetebat,
1452 1576 1547 1608 rex
1583 1576 1707 1609 vero
1759 1568 1937 1627 utpote

93 1623 375 1676 insatiabili
411 1623 540 1675 nihil
576 1624 1057 1677 accommodabat2.

650 1724 731 1774 53.
777 1723 995 1775 Karolie
1032 1723 1323 1779 liberatioe.

232 1808 366 1876 Regi
403 1825 525 1875 ergo
564 1809 732 1858 minas
769 1806 1084 1859 Heribertus
1122 1809 1413 1874 intendens,
1464 1809 1720 1860 Karolum
1759 1829 1935 1879 regem

93 1894 126 1927 a
163 1894 369 1928 carcere
407 1877 655 1928 eductum
692 1878 745 1927 in
782 1877 1513 1945 pagumeeromandensem
1553 1879 1788 1942 deduxit,
1834 1898 1939 1930 non

93 1955 151 1997 ut
186 1956 386 2014 regnog
434 1945 601 1997 fidelis
651 1964 770 1998 eum
814 1947 1124 2010 restitueret,
1180 1956 1234 1999 at
1271 1955 1328 1998 ut
1366 1966 1432 1999 ex
1471 1948 1610 1999 *eius
1661 1950 2022 2011 eductione-p.
2054 1971 2136 2003 584.

93 2014 324 2084 aliquam
363 2016 659 2084 suspectish
698 2014 1032 2066 formidinem
1068 2017 1340 2068 incuteret.
1397 2016 1737 2068 Nortmannis
1765 2019 1940 2086 itaque

93 2084 360 2135 accersitis
406 2095 562 2154 atque
609 2083 752 2154 apud
802 2084 1058 2153 oppidum
1095 2084 1306 2154 Augam
1356 2085 1605 2149 collectis,
1658 2087 1800 2140 eumi
1855 2088 1939 2138 de-

94 2153 262 2219 ducit3
300 2154 479 2223 ibique
515 2152 690 2204 filiusk
716 2152 948 2205 Rollonis
985 2162 1202 2223 pyratae
1219 2156 1258 2219 ¹¹,
1299 2155 1362 2206 de
1402 2156 1547 2206 cuius
1583 2156 1939 2208 interfectione

93 2224 200 2273 iam
242 2221 466 2274 relatum
509 2230 586 2274 est
601 2231 637 2288 3,
675 2223 812 2291 regis
850 2224 1093 2276 manibus
1132 2242 1244 2275 sese
1282 2223 1624 2275 militaturum
1664 2226 1942 2277 committit

92 2292 357 2361 fidemque
384 2292 606 2361 spondet
637 2310 699 2343 ac
737 2301 1060 2344 sacramento
1100 2292 1288 2344 firma-t.

252 2392 334 2442 54.
387 2391 680 2442 Sentential
719 2391 939 2462 Ro[mae
956 2392 985 2463 ¹]
1027 2393 1215 2460 petita¹
1253 2392 1496 2463 ab[sque¹
1536 2393 1784 2464 effelctu1.

235 2475 445 2525 Exinde
472 2475 781 2527 Heribertus
807 2474 1031 2525 Rodulfo
1064 2477 1176 2544 regi
1202 2475 1458 2540 invidens,
1497 2475 1782 2527 admodum
1820 2477 1939 2526 insi-

97 2543 355 2595 diabatur.
441 2543 594 2594 Unde
645 2551 694 2596 et
741 2562 860 2594 curn
909 2543 1105 2595 Karolo
1144 2545 1336 2595 Remos
1381 2544 1681 2605 deveniens,
1732 2563 1826 2613 pro
1878 2563 1938 2596 eo
1963 2563 2042 2595 923.

97 2612 321 2664 Romam
366 2611 568 2680 legatos
618 2612 800 2680 dirigit
848 2630 910 2663 ac
955 2613 1176 2664 Iohanni
1223 2631 1394 2682 papae
1440 2612 1714 2682 epistolam
1767 2615 1940 2674 mittit,

98 2700 193 2750 per
230 2699 389 2751 quam
427 2680 774 2750 significabat,
826 2690 1004 2732 contra
1044 2681 1301 2732 Karolum
1341 2701 1436 2733 nec
1475 2701 1586 2734 sese
1626 2683 1940 2742 coniurasse,

97 2768 195 2802 nec
232 2751 604 2802 coniurationis
644 2750 911 2801 conscium
947 2750 1123 2815 fuisse,
1162 2752 1445 2801 coniuratis
1482 2759 1684 2802 tantum
1721 2752 1944 2804 invitum

100 2821 344 2885 cessisse3
382 2820 521 2871 unde
560 2828 611 2871 et
647 2837 701 2870 se
737 2818 869 2872 velle
907 2818 1207 2887 plurimum,
1246 2828 1304 2871 ut
1328 2819 1554 2871 Karolus
1594 2839 1757 2889 regno
1796 2822 1941 2873 resti-

99 2896 291 2955 tuatur,
341 2889 430 2958 qui
475 2889 728 2940 innocens
766 2891 875 2940 sine
915 2905 1072 2938 causa
1117 2888 1354 2940 abiectus
1399 2890 1490 2955 sit3
1545 2907 1643 2941 nec
1682 2888 1850 2940 solum
1889 2908 1942 2941 se

99 2958 158 3009 in
190 2957 290 3009 hac
337 2976 448 3010 esse
498 2959 769 3023 sententia⁷
819 2965 871 3008 at
920 2957 1238 3026 optimorum
1288 2969 1577 3028 quosquem
1624 2967 1799 3028 preter
1848 2958 1942 3009 hos

102 3027 194 3096 qui
230 3027 380 3078 donis
424 3026 801 3096 multiplicibus
849 3028 1079 3095 corrupti
1126 3027 1284 3092 sint¹¹;
1342 3036 1695 3097 quapropter⁰
1744 3036 1794 3080 et
1831 3028 1944 3097 ipse

201 3168 236 3210 a)
265 3179 296 3204 r.
322 3179 343 3201 a
369 3172 475 3208 tergo
505 3171 536 3203 1.
637 3168 674 3210 b)
705 3170 761 3209 de,
788 3170 824 3200 io
851 3169 943 3201 absc.
1045 3167 1078 3210 c)
1107 3169 1249 3209 aspici.
1268 3194 1276 3202 .
1308 3171 1339 3204 1.
1432 3168 1470 3209 d)
1499 3170 1646 3201 modica
1674 3173 1805 3201 exorta
1831 3173 1885 3201 est
1916 3172 1946 3200 1.

101 3216 140 3257 e)
168 3226 221 3258 ro,
247 3218 288 3258 li,
315 3218 392 3249 atio
419 3219 511 3250 absc.
611 3218 639 3258 f)
668 3219 861 3256 regionem
892 3219 923 3250 1.
1023 3216 1061 3258 g)
1089 3219 1248 3258 pristino
1275 3227 1314 3250 re
1344 3219 1376 3249 1.
1453 3217 1490 3259 h)
1515 3223 1596 3257 post
1621 3219 1702 3249 add.
1781 3217 1882 3271 i)-K.
1915 3221 1947 3249 1.

103 3280 144 3369 113
171 3281 216 3313 R.
243 3281 269 3313 f.
298 3282 344 3313 de
373 3283 406 3314 1.
483 3280 510 3322 l)
539 3285 641 3323 men,
668 3290 765 3322 mae,
792 3282 871 3321 fita,
899 3289 991 3320 sque
1020 3280 1091 3313 effe
1117 3281 1210 3314 absc.
1295 3280 1345 3321 m)
1376 3282 1581 3313 nonnullos
1612 3283 1642 3313 1.
1745 3280 1783 3319 n)
1813 3285 1845 3311 st
1872 3280 1946 3311 cod.

104 3337 127 3359 0
171 3329 281 3362 Unde
311 3332 342 3362 1.

230 3422 273 3473 1)
305 3421 420 3464 mille
452 3430 490 3465 et
516 3430 683 3465 centum
716 3422 1005 3463 Flodoardus.
1130 3422 1176 3474 2)
1211 3423 1336 3464 Haec
1360 3425 1607 3463 accuratius
1633 3426 1779 3462 narrat
1811 3420 1938 3461 Flod.

105 3480 155 3534 3)
190 3495 226 3523 c.
256 3483 312 3520 30
346 3481 444 3534 n.**,
481 3483 598 3537 quod
630 3489 777 3525 tamen
810 3485 904 3536 ipse
940 3483 1115 3525 delevit.

1537 3553 1568 3604 3
