2240 3879
258 221 312 260 58
680 215 934 256 RICHERI
968 213 1387 256 HISTORIARUM
1419 214 1602 255 LIBER
1635 215 1696 256 ΙΙ.

157 375 236 406 943.
257 358 547 409 obtruncat.
621 355 794 406 Tanta
832 371 1042 424 quoque
1080 351 1240 404 caede
1278 352 1498 421 gentiles
1535 352 1640 404 fusi
1667 361 1802 418 sunt,
1843 359 1901 403 ut
1926 369 2108 403 eorum

256 428 427 479 9000³
467 442 586 477 cesa
623 425 697 477 ibi
734 423 1066 476 referrentur.
1141 420 1352 492 Reliqui
1387 440 1530 488 vero,
1570 422 1878 492 paucissimi
1915 429 2108 487 tamen,

254 494 429 547 navali
465 493 710 565 profugio
751 494 917 562 erepti
956 501 1090 544 sunt.
1147 493 1263 544 Rex
1300 490 1466 543 adeob
1504 491 1729 544 victoria
1771 492 1969 561 potitus
2015 499 2108 556 est,

256 584 468 617 suorum
508 573 685 616 tamen
734 563 917 633 paucis
968 563 1114 629 fusis,
1165 560 1429 612 nonnullis
1476 579 1600 613 vero
1647 562 1909 613 sauciatis.
1983 561 2112 612 Post

257 653 479 705 quorum
507 652 686 685 curam
720 633 892 685 redire
919 632 1219 701 disponens,
1248 630 1547 683 Rodomum
1574 630 1793 682 Erluino
1821 630 2110 696 commisit,

254 707 370 775 ipse
412 703 802 773 Compendium
840 702 1066 753 rediens.

374 822 455 873 36.
513 818 766 871 Artoldus
804 818 1233 886 archiepiscopus
1282 818 1515 868 tirannos
1564 815 1782 866 dimittit
1829 822 1879 865 et
1924 813 1992 864 ad

978 905 1158 955 regem
1195 888 1396 938 transit.

397 989 515 1053 Quo
556 1006 677 1039 eum
715 987 991 1038 advenisse
1029 986 1307 1038 dinoscens
1334 984 1601 1051 Artoldus,
1642 985 1732 1054 qui
1769 985 1822 1034 in
1861 980 2114 1034 coenobio

258 1059 424 1110 sancti
461 1057 641 1109 Basoli
681 1057 994 1108 confessoris
1049 1057 1116 1108 ab
1172 1057 1300 1108 urbe
1361 1055 1543 1125 pulsus
1606 1053 1928 1119 morabatur,
1989 1070 2116 1103 mox

260 1128 513 1198 quicquid
540 1146 570 1178 a
597 1127 804 1178 tiranno
846 1125 947 1177 sibi
983 1125 1227 1177 relictum
1266 1135 1376 1178 erat
1402 1124 1653 1191 abiciens,
1692 1123 1759 1175 ad
1794 1140 1975 1191 regem
2002 1140 2116 1174 sese

259 1197 492 1263 contulit,
533 1196 750 1249 mallens
790 1196 934 1266 apud
983 1215 1103 1248 eum
1148 1214 1317 1265 parvo
1369 1202 1645 1247 contentus
1695 1194 1905 1258 morari,
1957 1209 2116 1261 quam

258 1267 580 1320 insaciabilis
606 1268 837 1319 tirannni
864 1265 1137 1317 beneficiis
1167 1266 1404 1318 detineri.
1460 1266 1577 1316 Rex
1603 1262 2067 1333 metropolitanum
2083 1271 2118 1329 0,

261 1356 364 1407 quo
413 1338 525 1406 ipse
574 1356 669 1389 rex
718 1344 1054 1388 consecratus
1101 1335 1214 1402 fuit,
1264 1336 1459 1386 iniuste
1508 1335 1881 1403 precipitatum
1921 1331 2117 1398 dolens,

258 1427 323 1460 ne
362 1408 569 1459 diffidat
609 1407 858 1473 hortatur,
899 1425 1163 1457 summum
1191 1405 1544 1457 sacerdotium
1574 1423 1688 1455 sese
1716 1404 1761 1455 ei
1789 1402 2118 1455 redditurum

258 1477 511 1546 pollicens
537 1488 566 1527 ¹.

835 1577 917 1627 37.
974 1576 1223 1627 Interitus
1262 1574 1546 1626 Heriberti.

399 1662 497 1712 His
537 1661 610 1712 ita
649 1679 763 1712 sese
802 1660 1135 1725 habentibus,
1176 1664 1324 1709 *cum
1362 1658 1677 1711 Heribertus
1724 1676 1964 1729 quaeque
2001 1677 2118 1728 per-

259 1732 452 1784 nitiosa
488 1738 832 1800 pertractaret
869 1748 930 1782 ac
973 1731 1036 1781 de
1077 1728 1407 1799 quorundam
1459 1727 1755 1780 calamitate
1805 1727 1969 1781 multa
2016 1728 2119 1780 dis-

259 1809 504 1871 poneret,
563 1819 683 1851 cum
728 1802 865 1853 inter
881 1802 902 1833 ‘¹
953 1818 1075 1851 suos
1128 1800 1184 1850 in
1227 1808 1372 1851 veste
1422 1799 1663 1868 preciosa
1710 1797 1915 1850 sederet
1961 1806 2118 1868 atque

261 1872 403 1940 apud
441 1870 556 1922 illos
597 1879 849 1922 extensae
888 1880 1077 1920 manue
1118 1870 1538 1933 concionaretur,
1589 1868 1785 1919 maiore
1832 1868 2119 1938 apoplexia

263 1943 360 1993 obe
402 1939 814 2009 superfluitatem
855 1940 1136 1991 humorum
1177 1947 1379 2008 captus,
1430 1939 1484 1989 in
1533 1939 1649 2007 ipsa
1697 1957 1873 1990 rerum
1913 1938 2118 1990 ordina-

262 2012 403 2062 tione
443 2010 740 2061 constrictis
779 2010 1023 2061 manibus
1062 2010 1345 2079 nervisque
1385 2009 1685 2074 contractis,
1740 2027 1828 2060 ore
1866 2009 2027 2061 etiam
2064 2009 2119 2059 in

262 2099 444 2132 aurem
484 2079 719 2143 distorto,
760 2098 879 2130 cum
927 2078 1092 2130 multo
1141 2079 1355 2130 horrore
1407 2086 1457 2130 et
1506 2077 1902 2147 horripilatione
1941 2096 2118 2130 coram

262 2151 369 2201 suis
431 2149 758 2201 inconsultus
828 2150 1136 2218 exspiravit.
1237 2148 1633 2217 Suseeptusque
1695 2166 1725 2198 a
1788 2149 1912 2213 suis,
1974 2148 2118 2218 apud

263 2220 516 2272 Sanctum
568 2220 882 2284 Quintinum
934 2217 1169 2287 sepultus
1222 2226 1351 2270 est2.
1441 2218 1558 2282 Quo
1607 2217 1828 2287 sepulto,
1870 2218 1982 2269 eius
2024 2217 2119 2268 filii

261 2308 388 2341 mox
426 2308 605 2358 regem
653 2288 922 2354 adeuntes,
970 2289 1036 2340 ab
1086 2306 1146 2340 eo
1185 2287 1414 2356 benigne
1466 2289 1678 2356 excepti
1725 2297 1859 2340 sunt.
1946 2288 2119 2340 Patris

68 2384 115 2427 -p
159 2385 241 2418 596,
262 2360 570 2410 iniuriarum
597 2358 726 2409 nihil
753 2359 854 2410 sibi
881 2362 897 2378 *
914 2358 1188 2411 reducens.
1241 2358 1527 2427 Excipitur
1553 2366 1604 2409 et
1629 2358 1788 2427 Hugo
1817 2358 2118 2427 episcopus,

263 2447 324 2480 ea
361 2438 537 2480 tamen
575 2428 892 2494 conditione,
933 2438 991 2480 ut
1027 2436 1264 2497 tempore
1305 2445 1539 2496 congruo
1587 2428 1891 2479 ratiocinari
1927 2446 2024 2497 pro
2065 2447 2119 2479 se

263 2499 326 2551 de
366 2500 706 2567 episcopatus
746 2498 1029 2567 adeptione
1067 2516 1173 2549 non
1211 2498 1432 2550 differat.
1510 2496 1646 2550 Cum
1686 2498 1879 2566 quibus
1908 2516 2119 2567 quoque

262 2587 356 2621 rex
394 2568 717 2620 Ambianum
757 2568 1025 2637 digressus
1064 2576 1194 2619 est-³.
1266 2567 1376 2620 Ubi
1427 2585 1545 2618 cum
1597 2585 1704 2619 non
1754 2568 1864 2619 sine
1903 2586 2120 2619 suorum

261 2640 555 2707 potioribus
614 2656 854 2708 quaeque
915 2639 1172 2708 precipua
1233 2637 1513 2707 disponere
1583 2636 1764 2704 vellet,
1840 2636 2120 2689 Erluinum

262 2708 487 2761 Rodomi
526 2715 819 2760 morantem
858 2727 952 2777 per
989 2706 1220 2777 legatum
1259 2708 1496 2759 accersit.

61 1656 152 1690 ⁸fol.
186 1659 240 1691 21.

653 2829 734 2880 38.
793 2828 1140 2897 Congressiof
1178 2827 1384 2880 Arnulfi
1423 2835 1474 2880 et
1510 2826 1734 2878 Erluini.

405 2912 562 2977 Quod
603 2930 722 2963 cum
760 2913 1127 2966 malivolorum
1166 2914 1416 2967 relatione
1454 2911 1708 2963 Arnulfus
1759 2913 2118 2981 comperisset,

265 2980 484 3032 insidias
541 2983 818 3050 pretendit,
876 2983 1284 3054 obvenientique
1340 3001 1465 3052 rege
1519 2982 1794 3052 ignorante
1851 2982 2120 3034 cohortem

265 3051 484 3101 inducit.
560 3051 718 3116 Quod
755 3052 1007 3105 Erluinus
1045 3072 1172 3106 mox
1211 3053 1509 3118 dinoscenS,
1554 3052 1719 3120 signis
1759 3050 1959 3103 collatis
1998 3069 2120 3103 con-

265 3120 517 3190 greditur.
594 3120 920 3190 Congressus
959 3125 1225 3194 utrimque
1263 3141 1367 3175 non
1398 3120 1654 3173 modicus.
1710 3119 1983 3188 Arnulfus,
2010 3122 2118 3173 suis

364 3290 400 3330 a)
432 3291 538 3322 .1111.
563 3291 770 3329 praeposito
801 3292 856 3323 λ’.
887 3297 916 3322 et
945 3293 981 3324 in
1009 3294 1169 3333 marqine
1197 3295 1313 3324 eadem
1332 3302 1442 3324 manu
1470 3292 1594 3324 V1111.
1670 3289 1707 3330 b)
1739 3299 1760 3320 a
1780 3291 1863 3324 Deo
1878 3291 1915 3321 P.
1994 3289 2028 3332 c)
2047 3299 2121 3324 me-

268 3340 501 3378 tropolitano
519 3348 613 3370 corr.
632 3341 981 3379 metropolitanum.
1061 3343 1098 3383 d)
1128 3343 1229 3382 apud
1261 3345 1293 3374 1.
1373 3341 1407 3382 e)
1432 3345 1514 3381 pose
1541 3340 1623 3371 add.
1705 3337 1732 3379 f)
1763 3347 1814 3380 eS,
1842 3340 1994 3372 Erluini
2023 3340 2117 3372 absc.

391 3462 434 3515 1)
460 3463 585 3503 Haec
611 3477 664 3504 ex
687 3464 839 3515 Flod.;
877 3466 930 3506 cf.
965 3480 1006 3509 v,
1043 3467 1305 3508 Kalckstein
1337 3481 1379 3521 p.
1408 3466 1507 3506 241.
1595 3464 1642 3518 2)
1666 3465 1738 3505 Ita
1761 3468 1902 3507 morte
1925 3464 2120 3507 breviter

265 3529 440 3563 narrata
463 3523 592 3564 Flod.
700 3526 744 3578 3)
779 3525 920 3567 Aliter
953 3540 1021 3568 res
1056 3527 1332 3569 Flodoardus
1368 3531 1526 3568 narrat.
