2240 3879
437 238 691 279 RICHERI
722 239 1138 281 HISTORIARUM
1170 237 1353 278 LIBER
1385 239 1470 278 III.
1824 239 1908 277 107

65 375 322 445 phisicam
371 383 421 426 et
466 374 815 443 theologicam
865 392 1158 444 aequaevas
1207 373 1378 424 eidem
1417 376 1598 441 generi
1656 376 2011 441 subesse3980.

69 463 247 496 earum
296 452 471 495 autem
519 462 685 512 genus
743 446 816 496 eis
875 442 1162 512 aequaliter
1221 444 1570 511 part-icipare3
1643 462 1740 494 nec
1797 444 1910 496 fieri

66 531 249 583 posse,
313 530 474 563 unam
529 513 854 582 eandemque
909 513 1136 581 speciem
1194 530 1300 562 una
1355 511 1643 580 eademque
1708 516 1909 564 ratione

69 582 238 634 eidem
276 583 472 650 speciei
510 589 560 633 et
596 600 778 650 parem
816 600 929 633 esse
969 589 1019 632 et
1049 590 1107 632 ut
1131 580 1430 632 inferiorem
1456 582 1565 632 acsi
1589 583 1770 649 generi
1797 600 1910 651 spe-

68 653 200 703 ciem
238 651 523 703 subiacere.
584 652 655 703 Et
692 669 789 718 ego
830 650 1040 719 quidem
1080 649 1143 700 de
1182 649 1260 701 his
1286 651 1357 701 ita
1384 651 1567 701 sentio.
1631 649 1911 702 Caeterum

69 721 112 771 si
149 722 263 790 quis
303 729 484 772 contra
523 720 652 772 haec
689 719 986 784 contendat,
1025 719 1283 770 rationem
1319 719 1439 770 inde
1467 720 1691 785 affectet,
1731 719 1911 771 faciat-

0 842 1 850 ,
69 809 169 860 que
204 808 299 841 nos
325 789 630 858 intelligere,
672 788 813 858 quod
838 789 1071 839 fortassis
1096 797 1313 840 naturae
1350 790 1515 858 ipsius
1550 789 1683 840 ratio
1714 789 1911 840 nemini

67 859 241 910 adhuc
277 858 557 911 contulisse
594 858 834 910 videtur'.

604 987 686 1039 60.
759 984 1134 1055 Philosophiae
1173 986 1377 1038 divisio.

202 1085 289 1137 Ad
337 1085 467 1137 haec
516 1086 744 1150 Otricus,
780 1086 1028 1136 innuente
1075 1093 1318 1152 augusto,
1369 1087 1443 1136 sic
1479 1088 1573 1138 ait:
1630 1087 1912 1150 ‘Quoniam

65 1153 429 1224 philosophiae
466 1163 641 1223 partes
678 1154 876 1223 aliquot
899 1153 1132 1205 breviter
1157 1156 1391 1225 attigisti,
1430 1154 1497 1206 ad
1522 1154 1735 1224 plenum
1764 1173 1914 1223 opor-

66 1230 141 1275 tet
175 1232 232 1275 ut
269 1231 319 1276 et
357 1223 563 1275 dividas
601 1233 652 1275 et
688 1224 1002 1275 divisionem
1040 1224 1247 1275 enodes.
1323 1224 1517 1292 Sicque
1555 1224 1668 1276 fieri
1705 1225 1912 1293 poterit,

66 1300 125 1343 ut
160 1312 228 1344 ex
263 1292 527 1362 probabili
565 1293 820 1345 divisione
857 1294 1079 1344 vitiosae
1116 1293 1318 1360 figurae
1358 1294 1588 1362 suspicio
1615 1312 1646 1344 a
1670 1301 1721 1345 te
1747 1312 1913 1346 remo-

66 1365 278 1414 veatur'.
334 1362 484 1413 Tunc
524 1381 733 1432 quoque
773 1361 1089 1414 Gerbertus:
1130 1363 1285 1414 ‘Cum
1322 1362 1452 1428 hoc',
1491 1364 1676 1432 inquit,
1718 1363 1913 1431 ‘magni

67 1439 284 1497 constet,
321 1440 503 1500 utpote
541 1432 836 1483 divinarum
877 1439 927 1483 et
964 1431 1311 1482 humanarum
1355 1450 1530 1483 rerum
1575 1433 1914 1502 comprehen-

67 1501 144 1552 sio
181 1502 431 1566 veritatis,
469 1509 660 1566 tamen,
699 1509 758 1552 ut
794 1519 891 1552 nec
930 1519 1025 1552 nos
1062 1503 1308 1569 ignaviae
1345 1519 1630 1570 arguamur
1678 1510 1728 1553 et
1768 1502 1914 1552 audi-

65 1578 238 1621 torum
294 1569 456 1639 aliqui
509 1571 765 1640 proficere
825 1571 1061 1639 possint,
1124 1571 1415 1621 secundum
1469 1571 1698 1622 Vitruvii
1753 1579 1911 1640 atque

65 1638 239 1690 Boetii
276 1639 586 1691 divisionem
625 1639 797 1691 dicere
834 1658 940 1690 non
975 1640 1195 1708 pigebit.
1267 1639 1366 1690 Est
1402 1641 1540 1690 enim
1579 1639 1913 1709 philosophia

65 1726 248 1777 genus,
324 1708 489 1760 Cuius
529 1711 729 1778 species
769 1718 888 1760 sunt
924 1709 1155 1779 practice
1194 1717 1245 1760 et
1281 1709 1582 1760 theoretice.
1646 1710 1912 1761 Practices

65 1796 191 1829 vero
229 1779 431 1847 species
460 1778 577 1829 dico
605 1778 1030 1846 dispensativam,
1070 1778 1475 1842 distributivam,
1515 1779 1741 1830 civilem.
1800 1777 1911 1830 Sub

65 1846 349 1899 theoretice
386 1865 509 1898 vero
546 1866 653 1898 non
689 1851 978 1916 incongrue
1016 1847 1376 1915 intelliguntur
1411 1847 1615 1915 phisica
1645 1847 1912 1914 naturalis,

66 1916 437 1969 mathematica
474 1916 814 1986 intelligibilis
852 1935 914 1968 ac
951 1916 1216 1984 theologia
1240 1915 1629 1968 intellectibilis.
1689 1917 1913 1968 Rursus-

68 2004 170 2055 que
189 1987 610 2037 mathematicam
632 1987 729 2038 sub
750 1986 952 2055 phisica
969 2004 1075 2037 non
1094 1994 1269 2055 preter
1287 1987 1543 2037 rationem
1566 1984 1915 2037 collocamus’.

68 2115 149 2166 61.
221 2114 579 2184 Reprehensio
629 2115 898 2166 divisionis
946 2115 1012 2167 ab
1060 2114 1243 2167 Otrico
1289 2114 1513 2182 inutilis,
1559 2133 1621 2165 ac
1670 2114 1915 2167 Gerberti

847 2185 1134 2253 responsio,

206 2268 472 2338 Nisusque
522 2268 662 2337 quod
711 2267 970 2337 reliquum
1011 2278 1123 2321 erat
1158 2271 1424 2338 prosequi,
1480 2269 1690 2321 Otricus
1738 2266 1915 2318 subin-

69 2334 212 2388 tulit:
264 2338 472 2403 ‘Miror’,
522 2338 780 2406 inquiens,
826 2337 1318 2403 ‘vehementissime,
1358 2339 1501 2407 quod
1536 2337 1770 2406 phisicae
1809 2355 1915 2387 ma-
1973 2371 1979 2376 -

69 2405 405 2457 thematicam
443 2407 517 2457 sic
556 2406 621 2457 de
658 2408 956 2476 propinquo
995 2406 1292 2472 subdidisti,
1333 2426 1453 2458 cum
1477 2408 1614 2458 inter
1638 2414 1916 2475 utramque

71 2473 430 2527 subalternum
455 2494 620 2544 genus
646 2476 867 2544 intelligi
892 2477 1058 2544 possit
1082 2475 1409 2545 phisiologia.
1438 2476 1701 2527 Vitiosum
1723 2476 1915 2525 etenim

70 2542 224 2595 valde
260 2543 482 2610 videtur,
521 2546 564 2594 si
590 2546 745 2595 nimis
770 2544 926 2612 longe
952 2547 1117 2613 petita
1143 2562 1264 2613 pars
1291 2544 1359 2594 ad
1385 2547 1590 2613 generis
1619 2544 1917 2595 conferatur

71 2612 411 2667 divisionem'.
467 2612 556 2663 Ad
591 2613 720 2664 haec
750 2613 1063 2665 Gerbertus:
1101 2613 1278 2679 ‘Inde',
1315 2615 1500 2682 inquit,
1538 2614 1916 2666 ‘vehementius

71 2683 367 2734 mirandum
403 2682 627 2749 videtur,
665 2682 807 2751 quod
843 2682 1265 2734 mathematicam
1314 2683 1564 2752 phisicae,
1610 2701 1733 2734 suae
1770 2683 1915 2734 vide-

71 2749 196 2803 licet
233 2769 475 2818 coaevae,
526 2759 585 2802 ut
632 2753 859 2820 speciem
911 2752 1251 2803 subdiderim.
1337 2751 1473 2803 Cum
1526 2754 1665 2803 enim
1721 2769 1914 2803 coevae

73 2819 171 2871 sub
210 2820 397 2872 eodem
433 2839 624 2889 genere
670 2821 975 2886 habeantur,
1026 2823 1240 2887 maiore,
1289 2822 1520 2890 inquam,
1570 2821 1914 2872 admiratione

74 2889 289 2958 dignum
326 2890 547 2956 videtur,
586 2891 630 2941 si
665 2889 813 2941 alteri
849 2889 1010 2941 altera
1030 2890 1297 2942 subdatur.
1362 2891 1469 2943 Sed
1506 2890 1641 2957 dico,
1668 2889 1914 2959 phisiolo-

73 2960 214 3026 giam
249 2959 481 3028 phisicae
519 2978 684 3028 genus
721 2978 828 3010 non
865 2977 978 3010 esse
1016 2959 1461 3028 quemadmodum
1498 2961 1764 3030 proponis,
1804 2959 1915 3009 nul-

71 3026 281 3097 lamque
319 3047 500 3080 earum
539 3028 886 3079 differentiam
911 3027 1065 3079 aliam
1092 3047 1282 3094 assero,
1319 3031 1422 3080 nisi
1448 3048 1565 3080 eam
1594 3048 1751 3098 quam
1779 3031 1915 3080 inter

74 3095 459 3166 philosophiam
497 3107 547 3149 et
595 3096 936 3166 philologiam
987 3115 1267 3166 cognosco,
1341 3097 1592 3167 Alioquin
1628 3097 1915 3166 philologia

74 3164 432 3235 philosophiae
468 3185 634 3235 genus
673 3166 1005 3218 conceditur'.
1060 3166 1146 3217 Ad
1182 3166 1313 3218 haec
1352 3166 1748 3218 scolasticorum
1785 3165 1914 3216 mul-

74 3234 242 3286 titudo
304 3235 666 3306 philosophiae
734 3235 1048 3286 divisionem
1128 3237 1473 3305 interruptam
1540 3234 1917 3304 indignabatm·

77 3320 297 3372 eamque
342 3307 509 3373 repeti
553 3303 698 3373 apud
742 3312 1024 3373 augustum
1060 3306 1288 3372 petebat.
1363 3305 1576 3357 Otricus
1621 3322 1746 3355 vero
1795 3311 1917 3373 post

77 3372 347 3440 paululum
370 3374 511 3425 idem
536 3374 879 3443 repetendum
902 3372 1124 3439 dicebat,
1151 3376 1297 3442 prius
1319 3382 1493 3425 tamen
1513 3372 1691 3424 habita
1714 3376 1914 3424 ratione

79 3440 143 3492 de
191 3460 349 3493 causa
394 3445 560 3512 ipsius
604 3442 979 3512 philosophiae.
1052 3443 1440 3512 Intendensque
1485 3445 1540 3493 in
1578 3441 1913 3508 Gerbertum,

80 3526 213 3577 quae
251 3520 386 3563 esset
423 3529 582 3564 causa
616 3511 992 3581 philosophiae,
1031 3510 1409 3563 sciscitabatiu·.
