<?xml version="1.0" encoding="UTF-8"?>
<!DOCTYPE html PUBLIC "-//W3C//DTD XHTML 1.0 Transitional//EN"
    "http://www.w3.org/TR/xhtml1/DTD/xhtml1-transitional.dtd">
<html xmlns="http://www.w3.org/1999/xhtml" xml:lang="en" lang="en">
 <head>
  <title>
</title>
<meta http-equiv="Content-Type" content="text/html;charset=utf-8" />
  <meta name='ocr-system' content='tesseract 3.04.00' />
  <meta name='ocr-capabilities' content='ocr_page ocr_carea ocr_par ocr_line ocrx_word'/>
</head>
<body>
  <div class='ocr_page' id='page_1' title='image "./historiarumlibri00richuoft_0190.png"; bbox 0 0 2240 3879; ppageno 0'>
   <div class='ocr_carea' id='block_1_1' title="bbox 162 396 244 429">
    <p class='ocr_par' dir='ltr' id='par_1_1' title="bbox 162 396 244 429">
     <span class='ocr_line' id='line_1_1' title="bbox 162 396 244 429; baseline 0.024 -2"><span class='ocrx_word' id='word_1_1' title='bbox 162 396 244 429; x_wconf 84' lang='lat'>994.</span> 
     </span>
    </p>
   </div>
   <div class='ocr_carea' id='block_1_2' title="bbox 72 1232 245 1276">
    <p class='ocr_par' dir='ltr' id='par_1_2' title="bbox 72 1232 245 1276">
     <span class='ocr_line' id='line_1_2' title="bbox 72 1232 245 1276; baseline 0 -8"><span class='ocrx_word' id='word_1_2' title='bbox 72 1232 132 1276; x_wconf 75' lang='lat' dir='ltr'>⁸p.</span> <span class='ocrx_word' id='word_1_3' title='bbox 161 1236 245 1269; x_wconf 79' lang='lat'>653.</span> 
     </span>
    </p>
   </div>
   <div class='ocr_carea' id='block_1_3' title="bbox 160 2398 242 2430">
    <p class='ocr_par' dir='ltr' id='par_1_3' title="bbox 160 2398 242 2430">
     <span class='ocr_line' id='line_1_3' title="bbox 160 2398 242 2430; baseline 0 -2"><span class='ocrx_word' id='word_1_4' title='bbox 160 2398 242 2430; x_wconf 83' lang='lat'>995.</span> 
     </span>
    </p>
   </div>
   <div class='ocr_carea' id='block_1_4' title="bbox 259 235 1732 281">
    <p class='ocr_par' dir='ltr' id='par_1_4' title="bbox 259 235 1732 281">
     <span class='ocr_line' id='line_1_4' title="bbox 259 235 1732 281; baseline -0.003 0"><span class='ocrx_word' id='word_1_5' title='bbox 259 243 344 281; x_wconf 82' lang='lat'>172</span> <span class='ocrx_word' id='word_1_6' title='bbox 663 238 918 279; x_wconf 87' lang='lat' dir='ltr'>RICHERI</span> <span class='ocrx_word' id='word_1_7' title='bbox 950 236 1369 279; x_wconf 83' lang='lat' dir='ltr'><strong>HISTORIARUM</strong></span> <span class='ocrx_word' id='word_1_8' title='bbox 1399 235 1585 277; x_wconf 86' lang='lat' dir='ltr'>LIBER</span> <span class='ocrx_word' id='word_1_9' title='bbox 1617 237 1732 278; x_wconf 90' lang='lat' dir='ltr'>IIII.</span> 
     </span>
    </p>
   </div>
   <div class='ocr_carea' id='block_1_5' title="bbox 256 374 2126 2182">
    <p class='ocr_par' dir='ltr' id='par_1_5' title="bbox 256 374 2126 2182">
     <span class='ocr_line' id='line_1_5' title="bbox 258 374 2119 447; baseline -0.002 -18"><span class='ocrx_word' id='word_1_10' title='bbox 258 378 458 429; x_wconf 87' lang='lat' dir='ltr'>fluitate</span> <span class='ocrx_word' id='word_1_11' title='bbox 507 395 604 447; x_wconf 92' lang='lat' dir='ltr'>pro</span> <span class='ocrx_word' id='word_1_12' title='bbox 651 378 906 447; x_wconf 91' lang='lat' dir='ltr'>temporis</span> <span class='ocrx_word' id='word_1_13' title='bbox 953 375 1322 427; x_wconf 79' lang='lat' dir='ltr'>immutatione</span> <span class='ocrx_word' id='word_1_14' title='bbox 1367 382 1621 441; x_wconf 79' lang='lat' dir='ltr'>vexatus,</span> <span class='ocrx_word' id='word_1_15' title='bbox 1673 375 1728 425; x_wconf 92' lang='lat' dir='ltr'>in</span> <span class='ocrx_word' id='word_1_16' title='bbox 1764 374 2119 444; x_wconf 82' lang='lat' dir='ltr'><strong>egritudinem</strong></span> 
     </span>
     <span class='ocr_line' id='line_1_6' title="bbox 261 442 2122 518; baseline -0.001 -20"><span class='ocrx_word' id='word_1_17' title='bbox 261 466 395 518; x_wconf 90' lang='lat' dir='ltr'>quae</span> <span class='ocrx_word' id='word_1_18' title='bbox 434 466 465 498; x_wconf 88' lang='lat' dir='ltr'>a</span> <span class='ocrx_word' id='word_1_19' title='bbox 501 446 719 516; x_wconf 77' lang='lat' dir='ltr'>phisicis</span> <span class='ocrx_word' id='word_1_20' title='bbox 758 447 1035 515; x_wconf 76' lang='lat' dir='ltr'>synantica</span> <span class='ocrx_word' id='word_1_21' title='bbox 1073 445 1296 496; x_wconf 90' lang='lat' dir='ltr'>dicitur¹</span> <span class='ocrx_word' id='word_1_22' title='bbox 1339 442 1550 494; x_wconf 78' lang='lat' dir='ltr'>decidit.</span> <span class='ocrx_word' id='word_1_23' title='bbox 1636 444 1785 508; x_wconf 72' lang='lat' dir='ltr'>Quae</span> <span class='ocrx_word' id='word_1_24' title='bbox 1824 462 1945 496; x_wconf 91' lang='lat' dir='ltr'>cum</span> <span class='ocrx_word' id='word_1_25' title='bbox 1980 444 2122 497; x_wconf 83' lang='lat' dir='ltr'>intra.</span> 
     </span>
     <span class='ocr_line' id='line_1_7' title="bbox 260 511 2120 586; baseline -0.001 -19"><span class='ocrx_word' id='word_1_26' title='bbox 260 516 415 586; x_wconf 89' lang='lat' dir='ltr'>gulae</span> <span class='ocrx_word' id='word_1_27' title='bbox 453 516 702 568; x_wconf 90' lang='lat' dir='ltr'>interiora</span> <span class='ocrx_word' id='word_1_28' title='bbox 739 516 919 568; x_wconf 89' lang='lat' dir='ltr'>sedem</span> <span class='ocrx_word' id='word_1_29' title='bbox 956 514 1165 579; x_wconf 87' lang='lat' dir='ltr'>habeat,</span> <span class='ocrx_word' id='word_1_30' title='bbox 1203 532 1271 564; x_wconf 79' lang='lat' dir='ltr'>ex</span> <span class='ocrx_word' id='word_1_31' title='bbox 1305 511 1567 563; x_wconf 90' lang='lat' dir='ltr'>fleumatis</span> <span class='ocrx_word' id='word_1_32' title='bbox 1613 515 1954 565; x_wconf 82' lang='lat' dir='ltr'>reumatismo</span> <span class='ocrx_word' id='word_1_33' title='bbox 1999 532 2120 583; x_wconf 88' lang='lat' dir='ltr'>pro-</span> 
     </span>
     <span class='ocr_line' id='line_1_8' title="bbox 261 580 2122 655; baseline -0.001 -19"><span class='ocrx_word' id='word_1_34' title='bbox 261 604 460 655; x_wconf 90' lang='lat' dir='ltr'>gressa,</span> <span class='ocrx_word' id='word_1_35' title='bbox 498 593 676 637; x_wconf 87' lang='lat' dir='ltr'>tamen</span> <span class='ocrx_word' id='word_1_36' title='bbox 714 584 997 654; x_wconf 89' lang='lat' dir='ltr'>aliquando</span> <span class='ocrx_word' id='word_1_37' title='bbox 1037 583 1105 636; x_wconf 90' lang='lat' dir='ltr'>ad</span> <span class='ocrx_word' id='word_1_38' title='bbox 1141 580 1383 633; x_wconf 77' lang='lat' dir='ltr'>maxillas</span> <span class='ocrx_word' id='word_1_39' title='bbox 1423 590 1473 634; x_wconf 87' lang='lat' dir='ltr'>et</span> <span class='ocrx_word' id='word_1_40' title='bbox 1508 600 1689 649; x_wconf 87' lang='lat' dir='ltr'>genas,</span> <span class='ocrx_word' id='word_1_41' title='bbox 1727 582 2012 653; x_wconf 88' lang='lat' dir='ltr'>aliquando</span> <span class='ocrx_word' id='word_1_42' title='bbox 2051 581 2122 634; x_wconf 87' lang='lat' dir='ltr'>ad</span> 
     </span>
     <span class='ocr_line' id='line_1_9' title="bbox 261 651 2122 723; baseline -0.002 -16"><span class='ocrx_word' id='word_1_43' title='bbox 261 664 495 707; x_wconf 86' lang='lat' dir='ltr'>toracem</span> <span class='ocrx_word' id='word_1_44' title='bbox 545 664 595 706; x_wconf 91' lang='lat' dir='ltr'>et</span> <span class='ocrx_word' id='word_1_45' title='bbox 641 654 917 723; x_wconf 86' lang='lat' dir='ltr'>pulmones</span> <span class='ocrx_word' id='word_1_46' title='bbox 965 662 1227 705; x_wconf 88' lang='lat' dir='ltr'>tumorem</span> <span class='ocrx_word' id='word_1_47' title='bbox 1279 670 1401 703; x_wconf 90' lang='lat' dir='ltr'>cum</span> <span class='ocrx_word' id='word_1_48' title='bbox 1447 651 1627 703; x_wconf 89' lang='lat' dir='ltr'>dolore</span> <span class='ocrx_word' id='word_1_49' title='bbox 1672 653 1825 720; x_wconf 87' lang='lat' dir='ltr'>gravi</span> <span class='ocrx_word' id='word_1_50' title='bbox 1869 653 2122 705; x_wconf 88' lang='lat' dir='ltr'>immittit.</span> 
     </span>
     <span class='ocr_line' id='line_1_10' title="bbox 264 719 2125 791; baseline -0.002 -16"><span class='ocrx_word' id='word_1_51' title='bbox 264 725 473 789; x_wconf 75' lang='lat' dir='ltr'>Quibus</span> <span class='ocrx_word' id='word_1_52' title='bbox 510 725 835 775; x_wconf 85' lang='lat' dir='ltr'>tumentibus</span> <span class='ocrx_word' id='word_1_53' title='bbox 873 732 1030 791; x_wconf 90' lang='lat' dir='ltr'>atque</span> <span class='ocrx_word' id='word_1_54' title='bbox 1066 719 1391 773; x_wconf 83' lang='lat' dir='ltr'>ferventibus</span> <span class='ocrx_word' id='word_1_55' title='bbox 1430 728 1653 789; x_wconf 81' lang='lat' dir='ltr'>excepta</span> <span class='ocrx_word' id='word_1_56' title='bbox 1687 721 1824 773; x_wconf 87' lang='lat' dir='ltr'>initii</span> <span class='ocrx_word' id='word_1_57' title='bbox 1862 721 1963 788; x_wconf 89' lang='lat' dir='ltr'>die,</span> <span class='ocrx_word' id='word_1_58' title='bbox 1999 727 2125 791; x_wconf 88' lang='lat' dir='ltr'>post</span> 
     </span>
     <span class='ocr_line' id='line_1_11' title="bbox 262 789 2123 861; baseline -0.002 -16"><span class='ocrx_word' id='word_1_59' title='bbox 262 794 533 845; x_wconf 81' lang='lat' dir='ltr'>diatritum</span> <span class='ocrx_word' id='word_1_60' title='bbox 587 794 875 860; x_wconf 88' lang='lat' dir='ltr'>patientem</span> <span class='ocrx_word' id='word_1_61' title='bbox 927 792 1154 861; x_wconf 82' lang='lat' dir='ltr'>perimit.</span> <span class='ocrx_word' id='word_1_62' title='bbox 1245 791 1309 842; x_wconf 92' lang='lat' dir='ltr'>In</span> <span class='ocrx_word' id='word_1_63' title='bbox 1362 792 1498 841; x_wconf 89' lang='lat' dir='ltr'>hanc</span> <span class='ocrx_word' id='word_1_64' title='bbox 1542 791 1704 859; x_wconf 87' lang='lat' dir='ltr'>igitur</span> <span class='ocrx_word' id='word_1_65' title='bbox 1755 790 1874 842; x_wconf 90' lang='lat' dir='ltr'>Odo</span> <span class='ocrx_word' id='word_1_66' title='bbox 1922 789 2123 860; x_wconf 87' lang='lat' dir='ltr'>lapsus,</span> 
     </span>
     <span class='ocr_line' id='line_1_12' title="bbox 261 859 2124 930; baseline -0.002 -17"><span class='ocrx_word' id='word_1_67' title='bbox 261 863 464 914; x_wconf 87' lang='lat' dir='ltr'>infestis</span> <span class='ocrx_word' id='word_1_68' title='bbox 503 861 658 930; x_wconf 89' lang='lat' dir='ltr'>gulae</span> <span class='ocrx_word' id='word_1_69' title='bbox 706 861 975 913; x_wconf 89' lang='lat' dir='ltr'>doloribus</span> <span class='ocrx_word' id='word_1_70' title='bbox 1023 861 1436 930; x_wconf 87' lang='lat' dir='ltr'>circumquaque</span> <span class='ocrx_word' id='word_1_71' title='bbox 1480 859 1805 929; x_wconf 84' lang='lat' dir='ltr'>pulsabatur.</span> <span class='ocrx_word' id='word_1_72' title='bbox 1889 859 2124 913; x_wconf 91' lang='lat' dir='ltr'>Arteria-</span> 
     </span>
     <span class='ocr_line' id='line_1_13' title="bbox 261 929 2124 1001; baseline -0.001 -19"><span class='ocrx_word' id='word_1_73' title='bbox 261 951 381 982; x_wconf 90' lang='lat' dir='ltr'>rum</span> <span class='ocrx_word' id='word_1_74' title='bbox 422 949 633 1001; x_wconf 86' lang='lat' dir='ltr'>quoque</span> <span class='ocrx_word' id='word_1_75' title='bbox 670 931 844 983; x_wconf 86' lang='lat' dir='ltr'>fervor</span> <span class='ocrx_word' id='word_1_76' title='bbox 881 931 1135 982; x_wconf 88' lang='lat' dir='ltr'>sermonis</span> <span class='ocrx_word' id='word_1_77' title='bbox 1172 931 1562 982; x_wconf 85' lang='lat' dir='ltr'>intercisionem</span> <span class='ocrx_word' id='word_1_78' title='bbox 1602 930 1935 998; x_wconf 88' lang='lat' dir='ltr'>operabatur.</span> <span class='ocrx_word' id='word_1_79' title='bbox 2009 929 2124 982; x_wconf 90' lang='lat' dir='ltr'>Nec</span> 
     </span>
     <span class='ocr_line' id='line_1_14' title="bbox 261 999 2123 1070; baseline -0.001 -18"><span class='ocrx_word' id='word_1_80' title='bbox 261 1002 416 1070; x_wconf 85' lang='lat' dir='ltr'>petiit</span> <span class='ocrx_word' id='word_1_81' title='bbox 452 1000 757 1052; x_wconf 87' lang='lat' dir='ltr'>huiusmodi</span> <span class='ocrx_word' id='word_1_82' title='bbox 796 999 944 1051; x_wconf 91' lang='lat' dir='ltr'>dolor</span> <span class='ocrx_word' id='word_1_83' title='bbox 992 1001 1181 1069; x_wconf 81' lang='lat' dir='ltr'>capitis</span> <span class='ocrx_word' id='word_1_84' title='bbox 1233 1001 1533 1069; x_wconf 82' lang='lat' dir='ltr'>superiora,</span> <span class='ocrx_word' id='word_1_85' title='bbox 1580 1006 1633 1050; x_wconf 91' lang='lat' dir='ltr'>at</span> <span class='ocrx_word' id='word_1_86' title='bbox 1679 999 1959 1069; x_wconf 86' lang='lat' dir='ltr'>precordia</span> <span class='ocrx_word' id='word_1_87' title='bbox 2005 1017 2123 1068; x_wconf 91' lang='lat' dir='ltr'>per-</span> 
     </span>
     <span class='ocr_line' id='line_1_15' title="bbox 262 1066 2123 1139; baseline -0.001 -17"><span class='ocrx_word' id='word_1_88' title='bbox 262 1080 554 1139; x_wconf 87' lang='lat' dir='ltr'>temptans,</span> <span class='ocrx_word' id='word_1_89' title='bbox 612 1069 917 1139; x_wconf 87' lang='lat' dir='ltr'>pulmonem</span> <span class='ocrx_word' id='word_1_90' title='bbox 974 1079 1025 1121; x_wconf 90' lang='lat' dir='ltr'>et</span> <span class='ocrx_word' id='word_1_91' title='bbox 1079 1087 1206 1138; x_wconf 90' lang='lat' dir='ltr'>epar</span> <span class='ocrx_word' id='word_1_92' title='bbox 1261 1077 1513 1138; x_wconf 88' lang='lat' dir='ltr'>peracuto</span> <span class='ocrx_word' id='word_1_93' title='bbox 1571 1067 1750 1120; x_wconf 90' lang='lat' dir='ltr'>dolore</span> <span class='ocrx_word' id='word_1_94' title='bbox 1800 1066 2123 1120; x_wconf 88' lang='lat' dir='ltr'>stimulabat.</span> 
     </span>
     <span class='ocr_line' id='line_1_16' title="bbox 262 1137 2125 1208; baseline -0.001 -17"><span class='ocrx_word' id='word_1_95' title='bbox 262 1139 387 1191; x_wconf 87' lang='lat' dir='ltr'>Fuit</span> <span class='ocrx_word' id='word_1_96' title='bbox 424 1141 601 1208; x_wconf 85' lang='lat' dir='ltr'>itaque</span> <span class='ocrx_word' id='word_1_97' title='bbox 652 1139 876 1191; x_wconf 80' lang='lat' dir='ltr'>milituln</span> <span class='ocrx_word' id='word_1_98' title='bbox 921 1138 1117 1204; x_wconf 88' lang='lat' dir='ltr'>luctus,</span> <span class='ocrx_word' id='word_1_99' title='bbox 1167 1138 1488 1189; x_wconf 88' lang='lat' dir='ltr'>famulorum</span> <span class='ocrx_word' id='word_1_100' title='bbox 1537 1137 1759 1203; x_wconf 89' lang='lat' dir='ltr'>clamor,</span> <span class='ocrx_word' id='word_1_101' title='bbox 1808 1139 2125 1190; x_wconf 88' lang='lat' dir='ltr'>feminarum</span> 
     </span>
     <span class='ocr_line' id='line_1_17' title="bbox 261 1207 2124 1278; baseline -0.001 -18"><span class='ocrx_word' id='word_1_102' title='bbox 261 1209 510 1278; x_wconf 84' lang='lat' dir='ltr'>frequens</span> <span class='ocrx_word' id='word_1_103' title='bbox 549 1209 879 1275; x_wconf 72' lang='lat' dir='ltr'>exclamatio,</span> <span class='ocrx_word' id='word_1_104' title='bbox 919 1214 1011 1260; x_wconf 83' lang='lat' dir='ltr'>*eo</span> <span class='ocrx_word' id='word_1_105' title='bbox 1039 1208 1182 1277; x_wconf 89' lang='lat' dir='ltr'>quod</span> <span class='ocrx_word' id='word_1_106' title='bbox 1221 1208 1491 1259; x_wconf 88' lang='lat' dir='ltr'>dominum</span> <span class='ocrx_word' id='word_1_107' title='bbox 1530 1207 1883 1260; x_wconf 91' lang='lat' dir='ltr'>inconsultum</span> <span class='ocrx_word' id='word_1_108' title='bbox 1920 1208 2124 1260; x_wconf 84' lang='lat' dir='ltr'>amitte-</span> 
     </span>
     <span class='ocr_line' id='line_1_18' title="bbox 263 1276 2124 1347; baseline 0 -17"><span class='ocrx_word' id='word_1_109' title='bbox 263 1279 406 1344; x_wconf 87' lang='lat' dir='ltr'>bant,</span> <span class='ocrx_word' id='word_1_110' title='bbox 446 1287 497 1331; x_wconf 89' lang='lat' dir='ltr'>et</span> <span class='ocrx_word' id='word_1_111' title='bbox 532 1280 669 1330; x_wconf 88' lang='lat' dir='ltr'>natis</span> <span class='ocrx_word' id='word_1_112' title='bbox 707 1277 1014 1330; x_wconf 87' lang='lat' dir='ltr'>dominandi</span> <span class='ocrx_word' id='word_1_113' title='bbox 1052 1296 1173 1346; x_wconf 91' lang='lat' dir='ltr'>spes</span> <span class='ocrx_word' id='word_1_114' title='bbox 1209 1276 1353 1328; x_wconf 90' lang='lat' dir='ltr'>nulla</span> <span class='ocrx_word' id='word_1_115' title='bbox 1383 1276 1781 1346; x_wconf 83' lang='lat' dir='ltr'>relinqueretur,</span> <span class='ocrx_word' id='word_1_116' title='bbox 1821 1296 1944 1329; x_wconf 91' lang='lat' dir='ltr'>cum</span> <span class='ocrx_word' id='word_1_117' title='bbox 1969 1296 2124 1347; x_wconf 85' lang='lat' dir='ltr'>reges</span> 
     </span>
     <span class='ocr_line' id='line_1_19' title="bbox 260 1346 2126 1418; baseline -0.001 -18"><span class='ocrx_word' id='word_1_118' title='bbox 260 1350 398 1418; x_wconf 88' lang='lat' dir='ltr'>patri</span> <span class='ocrx_word' id='word_1_119' title='bbox 437 1348 609 1399; x_wconf 86' lang='lat' dir='ltr'>adhuc</span> <span class='ocrx_word' id='word_1_120' title='bbox 647 1349 821 1399; x_wconf 90' lang='lat' dir='ltr'>animo</span> <span class='ocrx_word' id='word_1_121' title='bbox 860 1349 992 1399; x_wconf 88' lang='lat' dir='ltr'>irato</span> <span class='ocrx_word' id='word_1_122' title='bbox 1031 1355 1342 1417; x_wconf 87' lang='lat' dir='ltr'>perstarent,</span> <span class='ocrx_word' id='word_1_123' title='bbox 1383 1354 1433 1398; x_wconf 90' lang='lat' dir='ltr'>et</span> <span class='ocrx_word' id='word_1_124' title='bbox 1470 1346 1633 1398; x_wconf 86' lang='lat' dir='ltr'>Fulco</span> <span class='ocrx_word' id='word_1_125' title='bbox 1672 1346 1980 1399; x_wconf 89' lang='lat' dir='ltr'>insolentiae</span> <span class='ocrx_word' id='word_1_126' title='bbox 2020 1348 2126 1417; x_wconf 89' lang='lat' dir='ltr'>spi-</span> 
     </span>
     <span class='ocr_line' id='line_1_20' title="bbox 259 1416 2122 1486; baseline -0.001 -17"><span class='ocrx_word' id='word_1_127' title='bbox 259 1419 366 1469; x_wconf 89' lang='lat' dir='ltr'>ritu</span> <span class='ocrx_word' id='word_1_128' title='bbox 402 1436 590 1486; x_wconf 88' lang='lat' dir='ltr'>pacem</span> <span class='ocrx_word' id='word_1_129' title='bbox 627 1417 965 1469; x_wconf 87' lang='lat' dir='ltr'>multifariam</span> <span class='ocrx_word' id='word_1_130' title='bbox 1001 1416 1253 1468; x_wconf 84' lang='lat' dir='ltr'>turbaret.</span> <span class='ocrx_word' id='word_1_131' title='bbox 1315 1417 1387 1466; x_wconf 83' lang='lat' dir='ltr'>Et</span> <span class='ocrx_word' id='word_1_132' title='bbox 1411 1424 1588 1467; x_wconf 91' lang='lat' dir='ltr'>tamen</span> <span class='ocrx_word' id='word_1_133' title='bbox 1613 1418 1668 1467; x_wconf 90' lang='lat' dir='ltr'>in</span> <span class='ocrx_word' id='word_1_134' title='bbox 1692 1417 1842 1469; x_wconf 88' lang='lat' dir='ltr'>brevi</span> <span class='ocrx_word' id='word_1_135' title='bbox 1867 1418 2122 1484; x_wconf 84' lang='lat' dir='ltr'>victurus,</span> 
     </span>
     <span class='ocr_line' id='line_1_21' title="bbox 260 1485 2126 1555; baseline 0 -17"><span class='ocrx_word' id='word_1_136' title='bbox 260 1487 475 1555; x_wconf 87' lang='lat' dir='ltr'>regibus</span> <span class='ocrx_word' id='word_1_137' title='bbox 511 1487 713 1555; x_wconf 89' lang='lat' dir='ltr'>legatos</span> <span class='ocrx_word' id='word_1_138' title='bbox 754 1487 946 1538; x_wconf 87' lang='lat' dir='ltr'>celeres</span> <span class='ocrx_word' id='word_1_139' title='bbox 983 1487 1153 1552; x_wconf 90' lang='lat' dir='ltr'>misit,</span> <span class='ocrx_word' id='word_1_140' title='bbox 1202 1485 1292 1554; x_wconf 89' lang='lat' dir='ltr'>qui</span> <span class='ocrx_word' id='word_1_141' title='bbox 1329 1503 1425 1554; x_wconf 91' lang='lat' dir='ltr'>pro</span> <span class='ocrx_word' id='word_1_142' title='bbox 1473 1504 1527 1536; x_wconf 90' lang='lat' dir='ltr'>se</span> <span class='ocrx_word' id='word_1_143' title='bbox 1577 1486 1841 1555; x_wconf 87' lang='lat' dir='ltr'>supplices</span> <span class='ocrx_word' id='word_1_144' title='bbox 1891 1487 2126 1538; x_wconf 88' lang='lat' dir='ltr'>suasorie</span> 
     </span>
     <span class='ocr_line' id='line_1_22' title="bbox 259 1555 2124 1626; baseline 0 -20"><span class='ocrx_word' id='word_1_145' title='bbox 259 1564 508 1626; x_wconf 78' lang='lat' dir='ltr'>rogarent</span> <span class='ocrx_word' id='word_1_146' title='bbox 544 1566 594 1608; x_wconf 90' lang='lat' dir='ltr'>et</span> <span class='ocrx_word' id='word_1_147' title='bbox 624 1575 721 1626; x_wconf 91' lang='lat' dir='ltr'>pro</span> <span class='ocrx_word' id='word_1_148' title='bbox 759 1557 962 1607; x_wconf 88' lang='lat' dir='ltr'>iniuriis</span> <span class='ocrx_word' id='word_1_149' title='bbox 987 1555 1143 1606; x_wconf 87' lang='lat' dir='ltr'>illatis</span> <span class='ocrx_word' id='word_1_150' title='bbox 1174 1555 1554 1606; x_wconf 83' lang='lat' dir='ltr'>iustissimama</span> <span class='ocrx_word' id='word_1_151' title='bbox 1578 1556 2124 1624; x_wconf 89' lang='lat' dir='ltr'>recompensationem</span> 
     </span>
     <span class='ocr_line' id='line_1_23' title="bbox 261 1623 2123 1695; baseline 0 -18"><span class='ocrx_word' id='word_1_152' title='bbox 261 1626 595 1695; x_wconf 85' lang='lat' dir='ltr'>sponderent.</span> <span class='ocrx_word' id='word_1_153' title='bbox 669 1627 787 1677; x_wconf 76' lang='lat' dir='ltr'>Rex</span> <span class='ocrx_word' id='word_1_154' title='bbox 811 1634 1092 1677; x_wconf 82' lang='lat' dir='ltr'>veteranus</span> <span class='ocrx_word' id='word_1_155' title='bbox 1118 1623 1379 1675; x_wconf 89' lang='lat' dir='ltr'>malorum</span> <span class='ocrx_word' id='word_1_156' title='bbox 1411 1627 1790 1677; x_wconf 89' lang='lat' dir='ltr'>correctionem</span> <span class='ocrx_word' id='word_1_157' title='bbox 1828 1626 1894 1677; x_wconf 91' lang='lat' dir='ltr'>ab</span> <span class='ocrx_word' id='word_1_158' title='bbox 1932 1624 2123 1694; x_wconf 84' lang='lat' dir='ltr'>legatis</span> 
     </span>
     <span class='ocr_line' id='line_1_24' title="bbox 261 1694 2124 1764; baseline 0.001 -17"><span class='ocrx_word' id='word_1_159' title='bbox 261 1697 507 1764; x_wconf 77' lang='lat' dir='ltr'>excipere</span> <span class='ocrx_word' id='word_1_160' title='bbox 545 1694 751 1762; x_wconf 88' lang='lat' dir='ltr'>volens,</span> <span class='ocrx_word' id='word_1_161' title='bbox 799 1713 829 1745; x_wconf 90' lang='lat' dir='ltr'>a</span> <span class='ocrx_word' id='word_1_162' title='bbox 879 1694 985 1746; x_wconf 88' lang='lat' dir='ltr'>filio</span> <span class='ocrx_word' id='word_1_163' title='bbox 1032 1694 1342 1763; x_wconf 81' lang='lat' dir='ltr'>indignante</span> <span class='ocrx_word' id='word_1_164' title='bbox 1393 1694 1648 1747; x_wconf 88' lang='lat' dir='ltr'>inhibitus</span> <span class='ocrx_word' id='word_1_165' title='bbox 1700 1705 1792 1747; x_wconf 92' lang='lat' dir='ltr'>est.</span> <span class='ocrx_word' id='word_1_166' title='bbox 1874 1695 2032 1747; x_wconf 90' lang='lat' dir='ltr'>Unde</span> <span class='ocrx_word' id='word_1_167' title='bbox 2071 1703 2124 1748; x_wconf 84' lang='lat' dir='ltr'>et</span> 
     </span>
     <span class='ocr_line' id='line_1_25' title="bbox 257 1764 2123 1834; baseline 0.001 -19"><span class='ocrx_word' id='word_1_168' title='bbox 257 1764 552 1834; x_wconf 88' lang='lat' dir='ltr'>legatorum</span> <span class='ocrx_word' id='word_1_169' title='bbox 588 1764 957 1834; x_wconf 79' lang='lat' dir='ltr'>allegationem</span> <span class='ocrx_word' id='word_1_170' title='bbox 994 1765 1203 1833; x_wconf 85' lang='lat' dir='ltr'>penitus</span> <span class='ocrx_word' id='word_1_171' title='bbox 1242 1765 1439 1832; x_wconf 87' lang='lat' dir='ltr'>sprevit</span> <span class='ocrx_word' id='word_1_172' title='bbox 1488 1772 1647 1834; x_wconf 90' lang='lat' dir='ltr'>atque</span> <span class='ocrx_word' id='word_1_173' title='bbox 1695 1764 1811 1816; x_wconf 87' lang='lat' dir='ltr'>illos</span> <span class='ocrx_word' id='word_1_174' title='bbox 1859 1765 2123 1817; x_wconf 85' lang='lat' dir='ltr'>immunes</span> 
     </span>
     <span class='ocr_line' id='line_1_26' title="bbox 258 1834 2121 1904; baseline 0 -19"><span class='ocrx_word' id='word_1_175' title='bbox 258 1835 429 1886; x_wconf 86' lang='lat' dir='ltr'>redire</span> <span class='ocrx_word' id='word_1_176' title='bbox 470 1835 660 1904; x_wconf 72' lang='lat' dir='ltr'>coegit.</span> <span class='ocrx_word' id='word_1_177' title='bbox 736 1834 943 1900; x_wconf 72' lang='lat' dir='ltr'>Quibus</span> <span class='ocrx_word' id='word_1_178' title='bbox 982 1835 1037 1885; x_wconf 91' lang='lat' dir='ltr'>in</span> <span class='ocrx_word' id='word_1_179' title='bbox 1061 1835 1246 1886; x_wconf 89' lang='lat' dir='ltr'>itinere</span> <span class='ocrx_word' id='word_1_180' title='bbox 1271 1851 1476 1885; x_wconf 89' lang='lat' dir='ltr'>moram</span> <span class='ocrx_word' id='word_1_181' title='bbox 1502 1835 1798 1903; x_wconf 89' lang='lat' dir='ltr'>agentibus,</span> <span class='ocrx_word' id='word_1_182' title='bbox 1837 1842 2121 1903; x_wconf 89' lang='lat' dir='ltr'>antequam</span> 
     </span>
     <span class='ocr_line' id='line_1_27' title="bbox 256 1903 2121 1973; baseline 0 -18"><span class='ocrx_word' id='word_1_183' title='bbox 256 1904 520 1956; x_wconf 88' lang='lat' dir='ltr'>redissent</span> <span class='ocrx_word' id='word_1_184' title='bbox 558 1905 642 1955; x_wconf 79' lang='lat' dir='ltr'>(lie</span> <span class='ocrx_word' id='word_1_185' title='bbox 682 1913 869 1973; x_wconf 88' lang='lat' dir='ltr'>quarta</span> <span class='ocrx_word' id='word_1_186' title='bbox 905 1912 1059 1955; x_wconf 91' lang='lat' dir='ltr'>natae</span> <span class='ocrx_word' id='word_1_187' title='bbox 1098 1904 1406 1971; x_wconf 84' lang='lat' dir='ltr'>synanticae</span> <span class='ocrx_word' id='word_1_188' title='bbox 1443 1904 1597 1971; x_wconf 89' lang='lat' dir='ltr'>facta,</span> <span class='ocrx_word' id='word_1_189' title='bbox 1638 1903 1756 1955; x_wconf 88' lang='lat' dir='ltr'>Odo</span> <span class='ocrx_word' id='word_1_190' title='bbox 1795 1904 2121 1956; x_wconf 82' lang='lat' dir='ltr'>monachusb</span> 
     </span>
     <span class='ocr_line' id='line_1_28' title="bbox 256 1972 2122 2043; baseline 0.001 -20"><span class='ocrx_word' id='word_1_191' title='bbox 256 1973 464 2024; x_wconf 80' lang='lat' dir='ltr'>factusb</span> <span class='ocrx_word' id='word_1_192' title='bbox 517 1973 706 2025; x_wconf 87' lang='lat' dir='ltr'>defecit</span> <span class='ocrx_word' id='word_1_193' title='bbox 755 1983 913 2043; x_wconf 89' lang='lat' dir='ltr'>atque</span> <span class='ocrx_word' id='word_1_194' title='bbox 963 1974 1037 2024; x_wconf 94' lang='lat' dir='ltr'>sic</span> <span class='ocrx_word' id='word_1_195' title='bbox 1081 1974 1221 2024; x_wconf 79' lang='lat' dir='ltr'>vitae</span> <span class='ocrx_word' id='word_1_196' title='bbox 1271 1972 1432 2024; x_wconf 87' lang='lat' dir='ltr'>finem</span> <span class='ocrx_word' id='word_1_197' title='bbox 1482 1973 1694 2041; x_wconf 78' lang='lat' dir='ltr'>habuit3</span> <span class='ocrx_word' id='word_1_198' title='bbox 1750 1974 1815 2025; x_wconf 89' lang='lat' dir='ltr'>ad</span> <span class='ocrx_word' id='word_1_199' title='bbox 1867 1974 2122 2027; x_wconf 85' lang='lat' dir='ltr'>Sanctum</span> 
     </span>
     <span class='ocr_line' id='line_1_29' title="bbox 257 2041 2120 2111; baseline 0 -17"><span class='ocrx_word' id='word_1_200' title='bbox 257 2044 546 2094; x_wconf 85' lang='lat' dir='ltr'>Martinum</span> <span class='ocrx_word' id='word_1_201' title='bbox 603 2042 804 2094; x_wconf 88' lang='lat' dir='ltr'>delatus</span> <span class='ocrx_word' id='word_1_202' title='bbox 867 2051 918 2094; x_wconf 92' lang='lat' dir='ltr'>et</span> <span class='ocrx_word' id='word_1_203' title='bbox 968 2044 1054 2093; x_wconf 89' lang='lat' dir='ltr'>inc</span> <span class='ocrx_word' id='word_1_204' title='bbox 1109 2041 1225 2093; x_wconf 91' lang='lat' dir='ltr'>loco</span> <span class='ocrx_word' id='word_1_205' title='bbox 1288 2042 1432 2111; x_wconf 87' lang='lat' dir='ltr'>quod</span> <span class='ocrx_word' id='word_1_206' title='bbox 1485 2043 2120 2097; x_wconf 76' lang='lat' dir='ltr'>Maius-monasterium²</span> 
     </span>
     <span class='ocr_line' id='line_1_30' title="bbox 259 2111 1651 2182; baseline 0.002 -20"><span class='ocrx_word' id='word_1_207' title='bbox 259 2112 452 2164; x_wconf 84' lang='lat' dir='ltr'>dicitur</span> <span class='ocrx_word' id='word_1_208' title='bbox 491 2131 612 2163; x_wconf 86' lang='lat' dir='ltr'>cum</span> <span class='ocrx_word' id='word_1_209' title='bbox 649 2112 813 2164; x_wconf 87' lang='lat' dir='ltr'>multo</span> <span class='ocrx_word' id='word_1_210' title='bbox 854 2130 1067 2163; x_wconf 90' lang='lat' dir='ltr'>suorum</span> <span class='ocrx_word' id='word_1_211' title='bbox 1107 2113 1358 2181; x_wconf 88' lang='lat' dir='ltr'>obsequio</span> <span class='ocrx_word' id='word_1_212' title='bbox 1398 2111 1651 2182; x_wconf 83' lang='lat' dir='ltr'>sepultus,</span> 
     </span>
    </p>
   </div>
   <div class='ocr_carea' id='block_1_6' title="bbox 258 2225 2120 2348">
    <p class='ocr_par' dir='ltr' id='par_1_6' title="bbox 258 2225 2120 2348">
     <span class='ocr_line' id='line_1_31' title="bbox 258 2225 2120 2296; baseline 0.001 -17"><span class='ocrx_word' id='word_1_213' title='bbox 258 2229 340 2279; x_wconf 72' lang='lat'>95.</span> <span class='ocrx_word' id='word_1_214' title='bbox 395 2227 695 2278; x_wconf 85' lang='lat' dir='ltr'>Iohannesd</span> <span class='ocrx_word' id='word_1_215' title='bbox 731 2245 871 2296; x_wconf 90' lang='lat' dir='ltr'>papa</span> <span class='ocrx_word' id='word_1_216' title='bbox 907 2226 1178 2278; x_wconf 74' lang='lat' dir='ltr'>Leonemd</span> <span class='ocrx_word' id='word_1_217' title='bbox 1216 2225 1463 2278; x_wconf 87' lang='lat' dir='ltr'>abbatem</span> <span class='ocrx_word' id='word_1_218' title='bbox 1498 2227 1590 2276; x_wconf 83' lang='lat' dir='ltr'>ind</span> <span class='ocrx_word' id='word_1_219' title='bbox 1632 2225 1866 2279; x_wconf 76' lang='lat' dir='ltr'>Galliasd</span> <span class='ocrx_word' id='word_1_220' title='bbox 1903 2229 2063 2280; x_wconf 87' lang='lat' dir='ltr'>mittit</span> <span class='ocrx_word' id='word_1_221' title='bbox 2078 2229 2120 2295; x_wconf 60' lang='grc' dir='ltr'>ἃ,</span> 
     </span>
     <span class='ocr_line' id='line_1_32' title="bbox 607 2295 1744 2348; baseline 0.002 -2"><span class='ocrx_word' id='word_1_222' title='bbox 607 2297 698 2348; x_wconf 81' lang='lat' dir='ltr'>utd</span> <span class='ocrx_word' id='word_1_223' title='bbox 736 2295 944 2347; x_wconf 83' lang='lat' dir='ltr'>Arnulfi</span> <span class='ocrx_word' id='word_1_224' title='bbox 981 2296 1370 2347; x_wconf 88' lang='lat' dir='ltr'>abdicationem</span> <span class='ocrx_word' id='word_1_225' title='bbox 1386 2297 1408 2328; x_wconf 74' lang='lat' dir='ltr'>d</span> <span class='ocrx_word' id='word_1_226' title='bbox 1445 2295 1744 2348; x_wconf 73' lang='lat' dir='ltr'>dissolvatd.</span> 
     </span>
    </p>
   </div>
   <div class='ocr_carea' id='block_1_7' title="bbox 255 2379 2123 3146">
    <p class='ocr_par' dir='ltr' id='par_1_7' title="bbox 255 2379 2123 3146">
     <span class='ocr_line' id='line_1_33' title="bbox 397 2379 2119 2450; baseline 0.001 -19"><span class='ocrx_word' id='word_1_227' title='bbox 397 2381 500 2431; x_wconf 90' lang='lat' dir='ltr'>Per</span> <span class='ocrx_word' id='word_1_228' title='bbox 536 2380 677 2432; x_wconf 90' lang='lat' dir='ltr'>idem</span> <span class='ocrx_word' id='word_1_229' title='bbox 715 2389 925 2449; x_wconf 88' lang='lat' dir='ltr'>tempus</span> <span class='ocrx_word' id='word_1_230' title='bbox 965 2399 1083 2430; x_wconf 89' lang='lat' dir='ltr'>cum</span> <span class='ocrx_word' id='word_1_231' title='bbox 1121 2398 1152 2430; x_wconf 90' lang='lat' dir='ltr'>a</span> <span class='ocrx_word' id='word_1_232' title='bbox 1192 2379 1578 2432; x_wconf 80' lang='lat' dir='ltr'>Germanorum</span> <span class='ocrx_word' id='word_1_233' title='bbox 1616 2381 1881 2450; x_wconf 89' lang='lat' dir='ltr'>episcopis</span> <span class='ocrx_word' id='word_1_234' title='bbox 1925 2381 2119 2433; x_wconf 89' lang='lat' dir='ltr'>domno</span> 
     </span>
     <span class='ocr_line' id='line_1_34' title="bbox 257 2449 2121 2520; baseline 0.002 -19"><span class='ocrx_word' id='word_1_235' title='bbox 257 2449 482 2501; x_wconf 90' lang='lat' dir='ltr'>Iohanni</span> <span class='ocrx_word' id='word_1_236' title='bbox 530 2468 702 2520; x_wconf 89' lang='lat' dir='ltr'>papae</span> <span class='ocrx_word' id='word_1_237' title='bbox 740 2469 836 2519; x_wconf 89' lang='lat' dir='ltr'>per</span> <span class='ocrx_word' id='word_1_238' title='bbox 882 2449 1127 2519; x_wconf 83' lang='lat' dir='ltr'>epistolas</span> <span class='ocrx_word' id='word_1_239' title='bbox 1179 2466 1558 2519; x_wconf 84' lang='lat' dir='ltr'>saepenumero</span> <span class='ocrx_word' id='word_1_240' title='bbox 1610 2458 1922 2520; x_wconf 88' lang='lat' dir='ltr'>suggestum</span> <span class='ocrx_word' id='word_1_241' title='bbox 1969 2450 2121 2518; x_wconf 85' lang='lat' dir='ltr'>foret,</span> 
     </span>
     <span class='ocr_line' id='line_1_35' title="bbox 257 2519 2123 2588; baseline 0.002 -18"><span class='ocrx_word' id='word_1_242' title='bbox 257 2529 315 2571; x_wconf 89' lang='lat' dir='ltr'>ut</span> <span class='ocrx_word' id='word_1_243' title='bbox 361 2519 608 2571; x_wconf 76' lang='lat' dir='ltr'>Gerberti</span> <span class='ocrx_word' id='word_1_244' title='bbox 644 2521 931 2571; x_wconf 82' lang='lat' dir='ltr'>Remorum</span> <span class='ocrx_word' id='word_1_245' title='bbox 979 2519 1370 2588; x_wconf 83' lang='lat' dir='ltr'>metropolitani</span> <span class='ocrx_word' id='word_1_246' title='bbox 1413 2520 1801 2587; x_wconf 84' lang='lat' dir='ltr'>promotionem</span> <span class='ocrx_word' id='word_1_247' title='bbox 1847 2520 2123 2574; x_wconf 81' lang='lat' dir='ltr'>abdicaret</span> 
     </span>
     <span class='ocr_line' id='line_1_36' title="bbox 259 2589 2119 2658; baseline 0.001 -18"><span class='ocrx_word' id='word_1_248' title='bbox 259 2599 309 2641; x_wconf 94' lang='lat' dir='ltr'>et</span> <span class='ocrx_word' id='word_1_249' title='bbox 356 2589 562 2640; x_wconf 83' lang='lat' dir='ltr'>Arnulfi</span> <span class='ocrx_word' id='word_1_250' title='bbox 612 2589 1000 2641; x_wconf 87' lang='lat' dir='ltr'>abdicationem</span> <span class='ocrx_word' id='word_1_251' title='bbox 1050 2600 1227 2658; x_wconf 87' lang='lat' dir='ltr'>preter</span> <span class='ocrx_word' id='word_1_252' title='bbox 1275 2590 1356 2639; x_wconf 89' lang='lat' dir='ltr'>ius</span> <span class='ocrx_word' id='word_1_253' title='bbox 1405 2590 1599 2641; x_wconf 89' lang='lat' dir='ltr'>factam</span> <span class='ocrx_word' id='word_1_254' title='bbox 1649 2589 2038 2658; x_wconf 87' lang='lat' dir='ltr'>indignaretur,</span> <span class='ocrx_word' id='word_1_255' title='bbox 2085 2607 2119 2641; x_wconf 89' lang='lat' dir='ltr'>a</span> 
     </span>
     <span class='ocr_line' id='line_1_37' title="bbox 255 2659 2120 2726; baseline 0.002 -18"><span class='ocrx_word' id='word_1_256' title='bbox 255 2676 397 2726; x_wconf 86' lang='lat' dir='ltr'>papa</span> <span class='ocrx_word' id='word_1_257' title='bbox 443 2660 531 2709; x_wconf 79' lang='lat' dir='ltr'>inb</span> <span class='ocrx_word' id='word_1_258' title='bbox 574 2659 951 2711; x_wconf 71' lang='lat' dir='ltr'>Germaniamb</span> <span class='ocrx_word' id='word_1_259' title='bbox 1002 2668 1127 2710; x_wconf 86' lang='lat' dir='ltr'>tunc</span> <span class='ocrx_word' id='word_1_260' title='bbox 1177 2659 1407 2710; x_wconf 90' lang='lat' dir='ltr'>directus</span> <span class='ocrx_word' id='word_1_261' title='bbox 1457 2667 1535 2710; x_wconf 88' lang='lat' dir='ltr'>est</span> <span class='ocrx_word' id='word_1_262' title='bbox 1571 2659 1680 2711; x_wconf 93' lang='lat' dir='ltr'>Leo</span> <span class='ocrx_word' id='word_1_263' title='bbox 1728 2660 2016 2711; x_wconf 90' lang='lat' dir='ltr'>monachus</span> <span class='ocrx_word' id='word_1_264' title='bbox 2066 2667 2120 2712; x_wconf 84' lang='lat' dir='ltr'>et</span> 
     </span>
     <span class='ocr_line' id='line_1_38' title="bbox 257 2728 2119 2798; baseline 0.002 -21"><span class='ocrx_word' id='word_1_265' title='bbox 257 2728 440 2795; x_wconf 87' lang='lat' dir='ltr'>abbas,</span> <span class='ocrx_word' id='word_1_266' title='bbox 489 2729 577 2797; x_wconf 87' lang='lat' dir='ltr'>qui</span> <span class='ocrx_word' id='word_1_267' title='bbox 626 2728 835 2780; x_wconf 74' lang='lat' dir='ltr'>vicibus</span> <span class='ocrx_word' id='word_1_268' title='bbox 873 2746 1044 2798; x_wconf 89' lang='lat' dir='ltr'>papae</span> <span class='ocrx_word' id='word_1_269' title='bbox 1082 2730 1280 2797; x_wconf 88' lang='lat' dir='ltr'>potitus</span> <span class='ocrx_word' id='word_1_270' title='bbox 1337 2746 1458 2778; x_wconf 89' lang='lat' dir='ltr'>cum</span> <span class='ocrx_word' id='word_1_271' title='bbox 1497 2730 1761 2798; x_wconf 91' lang='lat' dir='ltr'>episcopis</span> <span class='ocrx_word' id='word_1_272' title='bbox 1801 2728 2119 2781; x_wconf 80' lang='lat' dir='ltr'>Germaniae</span> 
     </span>
     <span class='ocr_line' id='line_1_39' title="bbox 255 2797 2117 2867; baseline 0.002 -20"><span class='ocrx_word' id='word_1_273' title='bbox 255 2807 414 2866; x_wconf 86' lang='lat' dir='ltr'>atque</span> <span class='ocrx_word' id='word_1_274' title='bbox 455 2797 748 2849; x_wconf 83' lang='lat' dir='ltr'>Galliarum</span> <span class='ocrx_word' id='word_1_275' title='bbox 786 2798 941 2849; x_wconf 88' lang='lat' dir='ltr'>huius</span> <span class='ocrx_word' id='word_1_276' title='bbox 978 2798 1176 2866; x_wconf 88' lang='lat' dir='ltr'>negotii</span> <span class='ocrx_word' id='word_1_277' title='bbox 1213 2806 1264 2849; x_wconf 94' lang='lat' dir='ltr'>et</span> <span class='ocrx_word' id='word_1_278' title='bbox 1299 2797 1607 2867; x_wconf 90' lang='lat' dir='ltr'>indaginem</span> <span class='ocrx_word' id='word_1_279' title='bbox 1642 2798 1840 2850; x_wconf 87' lang='lat' dir='ltr'>faceret</span> <span class='ocrx_word' id='word_1_280' title='bbox 1885 2806 1936 2850; x_wconf 92' lang='lat' dir='ltr'>et</span> <span class='ocrx_word' id='word_1_281' title='bbox 1980 2799 2117 2851; x_wconf 91' lang='lat' dir='ltr'>iudi-</span> 
     </span>
     <span class='ocr_line' id='line_1_40' title="bbox 255 2866 2115 2938; baseline 0.001 -20"><span class='ocrx_word' id='word_1_282' title='bbox 255 2868 389 2918; x_wconf 86' lang='lat' dir='ltr'>tium</span> <span class='ocrx_word' id='word_1_283' title='bbox 443 2866 703 2935; x_wconf 73' lang='lat' dir='ltr'>diligense</span> <span class='ocrx_word' id='word_1_284' title='bbox 756 2867 877 2919; x_wconf 88' lang='lat' dir='ltr'>inde</span> <span class='ocrx_word' id='word_1_285' title='bbox 925 2867 1228 2936; x_wconf 75' lang='lat' dir='ltr'>proferret3.</span> <span class='ocrx_word' id='word_1_286' title='bbox 1313 2867 1421 2932; x_wconf 73' lang='lat' dir='ltr'>Qui</span> <span class='ocrx_word' id='word_1_287' title='bbox 1469 2867 1845 2919; x_wconf 87' lang='lat' dir='ltr'>humanissime</span> <span class='ocrx_word' id='word_1_288' title='bbox 1894 2868 1961 2919; x_wconf 90' lang='lat' dir='ltr'>ab</span> <span class='ocrx_word' id='word_1_289' title='bbox 2008 2869 2115 2938; x_wconf 88' lang='lat' dir='ltr'>epi-</span> 
     </span>
     <span class='ocr_line' id='line_1_41' title="bbox 257 2936 2114 3006; baseline 0.001 -19"><span class='ocrx_word' id='word_1_290' title='bbox 257 2937 466 3005; x_wconf 84' lang='lat' dir='ltr'>scopisf</span> <span class='ocrx_word' id='word_1_291' title='bbox 490 2947 760 3006; x_wconf 73' lang='lat' dir='ltr'>except11S‚</span> <span class='ocrx_word' id='word_1_292' title='bbox 800 2937 865 2988; x_wconf 89' lang='lat' dir='ltr'>de</span> <span class='ocrx_word' id='word_1_293' title='bbox 902 2936 1145 2989; x_wconf 87' lang='lat' dir='ltr'>habenda</span> <span class='ocrx_word' id='word_1_294' title='bbox 1182 2936 1368 2987; x_wconf 89' lang='lat' dir='ltr'>sinodo</span> <span class='ocrx_word' id='word_1_295' title='bbox 1407 2956 1568 3006; x_wconf 89' lang='lat' dir='ltr'>super</span> <span class='ocrx_word' id='word_1_296' title='bbox 1602 2937 1704 2988; x_wconf 89' lang='lat' dir='ltr'>hoc</span> <span class='ocrx_word' id='word_1_297' title='bbox 1739 2937 1954 3005; x_wconf 88' lang='lat' dir='ltr'>negotio</span> <span class='ocrx_word' id='word_1_298' title='bbox 1993 2956 2114 2989; x_wconf 90' lang='lat' dir='ltr'>cum</span> 
     </span>
     <span class='ocr_line' id='line_1_42' title="bbox 256 3005 2116 3075; baseline 0.002 -19"><span class='ocrx_word' id='word_1_299' title='bbox 256 3007 330 3056; x_wconf 91' lang='lat' dir='ltr'>eis</span> <span class='ocrx_word' id='word_1_300' title='bbox 369 3006 642 3057; x_wconf 81' lang='lat' dir='ltr'>tractabat.</span> <span class='ocrx_word' id='word_1_301' title='bbox 716 3006 765 3056; x_wconf 88' lang='lat' dir='ltr'><strong>A</strong></span> <span class='ocrx_word' id='word_1_302' title='bbox 804 3006 995 3075; x_wconf 89' lang='lat' dir='ltr'>quibus</span> <span class='ocrx_word' id='word_1_303' title='bbox 1029 3005 1305 3057; x_wconf 80' lang='lat' dir='ltr'>Gallorum</span> <span class='ocrx_word' id='word_1_304' title='bbox 1342 3007 1573 3074; x_wconf 87' lang='lat' dir='ltr'>regibus,</span> <span class='ocrx_word' id='word_1_305' title='bbox 1612 3007 1831 3075; x_wconf 89' lang='lat' dir='ltr'>Hugoni</span> <span class='ocrx_word' id='word_1_306' title='bbox 1867 3006 2116 3060; x_wconf 86' lang='lat' dir='ltr'>videlicet</span> 
     </span>
     <span class='ocr_line' id='line_1_43' title="bbox 255 3074 2115 3146; baseline 0.001 -20"><span class='ocrx_word' id='word_1_307' title='bbox 255 3076 473 3145; x_wconf 86' lang='lat' dir='ltr'>eiusque</span> <span class='ocrx_word' id='word_1_308' title='bbox 499 3074 605 3125; x_wconf 86' lang='lat' dir='ltr'>filio</span> <span class='ocrx_word' id='word_1_309' title='bbox 633 3076 903 3141; x_wconf 85' lang='lat' dir='ltr'>RotbertO,</span> <span class='ocrx_word' id='word_1_310' title='bbox 940 3075 1135 3145; x_wconf 70' lang='lat' dir='ltr'>legatig</span> <span class='ocrx_word' id='word_1_311' title='bbox 1161 3076 1347 3127; x_wconf 89' lang='lat' dir='ltr'>directi</span> <span class='ocrx_word' id='word_1_312' title='bbox 1385 3084 1521 3143; x_wconf 88' lang='lat' dir='ltr'>sunt,</span> <span class='ocrx_word' id='word_1_313' title='bbox 1563 3077 1654 3146; x_wconf 91' lang='lat' dir='ltr'>qui</span> <span class='ocrx_word' id='word_1_314' title='bbox 1689 3094 1861 3146; x_wconf 89' lang='lat' dir='ltr'>papae</span> <span class='ocrx_word' id='word_1_315' title='bbox 1898 3077 2115 3128; x_wconf 87' lang='lat' dir='ltr'>manda-</span> 
     </span>
    </p>
   </div>
   <div class='ocr_carea' id='block_1_8' title="bbox 251 3217 2193 3464">
    <p class='ocr_par' dir='ltr' id='par_1_8' title="bbox 251 3217 2193 3357">
     <span class='ocr_line' id='line_1_44' title="bbox 354 3217 2112 3260; baseline 0.001 -11"><span class='ocrx_word' id='word_1_316' title='bbox 354 3218 389 3258; x_wconf 87' lang='lat' dir='ltr'>a)</span> <span class='ocrx_word' id='word_1_317' title='bbox 420 3221 691 3258; x_wconf 79' lang='lat' dir='ltr'>aequissimam</span> <span class='ocrx_word' id='word_1_318' title='bbox 718 3228 894 3258; x_wconf 75' lang='lat' dir='ltr'>superscr.</span> <span class='ocrx_word' id='word_1_319' title='bbox 923 3220 1181 3251; x_wconf 80' lang='lat' dir='ltr'>iustissimam.</span> <span class='ocrx_word' id='word_1_320' title='bbox 1283 3217 1321 3259; x_wconf 84' lang='lat' dir='ltr'>b)</span> <span class='ocrx_word' id='word_1_321' title='bbox 1348 3224 1428 3259; x_wconf 77' lang='lat' dir='ltr'>post</span> <span class='ocrx_word' id='word_1_322' title='bbox 1448 3221 1531 3251; x_wconf 61' lang='lat' dir='ltr'>adel.</span> <span class='ocrx_word' id='word_1_323' title='bbox 1636 3218 1669 3260; x_wconf 86' lang='lat' dir='ltr'>c)</span> <span class='ocrx_word' id='word_1_324' title='bbox 1698 3221 1738 3250; x_wconf 87' lang='lat' dir='ltr'>in</span> <span class='ocrx_word' id='word_1_325' title='bbox 1766 3228 1856 3250; x_wconf 90' lang='lat' dir='ltr'>mon</span> <span class='ocrx_word' id='word_1_326' title='bbox 1881 3220 1987 3250; x_wconf 81' lang='lat' dir='ltr'>scribi</span> <span class='ocrx_word' id='word_1_327' title='bbox 2011 3228 2112 3260; x_wconf 80' lang='lat' dir='ltr'>coep·</span> 
     </span>
     <span class='ocr_line' id='line_1_45' title="bbox 253 3266 2193 3309; baseline 0.003 -12"><span class='ocrx_word' id='word_1_328' title='bbox 253 3271 335 3298; x_wconf 80' lang='lat' dir='ltr'>tum.</span> <span class='ocrx_word' id='word_1_329' title='bbox 463 3266 500 3307; x_wconf 88' lang='lat' dir='ltr'>d)</span> <span class='ocrx_word' id='word_1_330' title='bbox 530 3267 769 3309; x_wconf 83' lang='lat' dir='ltr'>Ioh(annes),</span> <span class='ocrx_word' id='word_1_331' title='bbox 796 3269 914 3308; x_wconf 89' lang='lat' dir='ltr'>Leon,</span> <span class='ocrx_word' id='word_1_332' title='bbox 941 3269 982 3299; x_wconf 88' lang='lat' dir='ltr'>in</span> <span class='ocrx_word' id='word_1_333' title='bbox 1011 3268 1097 3308; x_wconf 82' lang='lat' dir='ltr'>Gal,</span> <span class='ocrx_word' id='word_1_334' title='bbox 1125 3269 1170 3299; x_wconf 82' lang='lat' dir='ltr'>tit</span> <span class='ocrx_word' id='word_1_335' title='bbox 1196 3277 1232 3308; x_wconf 91' lang='lat' dir='ltr'>u,</span> <span class='ocrx_word' id='word_1_336' title='bbox 1260 3269 1387 3309; x_wconf 84' lang='lat' dir='ltr'>dicati,</span> <span class='ocrx_word' id='word_1_337' title='bbox 1416 3270 1498 3300; x_wconf 86' lang='lat' dir='ltr'>solv</span> <span class='ocrx_word' id='word_1_338' title='bbox 1525 3269 1616 3300; x_wconf 79' lang='lat' dir='ltr'>absc.</span> <span class='ocrx_word' id='word_1_339' title='bbox 1751 3266 1786 3307; x_wconf 88' lang='lat' dir='ltr'>e)</span> <span class='ocrx_word' id='word_1_340' title='bbox 1817 3268 2115 3307; x_wconf 74' lang='lat' dir='ltr'>diligentissime</span> <span class='ocrx_word' id='word_1_341' title='bbox 2182 3290 2193 3293; x_wconf 46' lang='lat' dir='ltr'><em>s</em></span> 
     </span>
     <span class='ocr_line' id='line_1_46' title="bbox 251 3315 1699 3357; baseline 0 -11"><span class='ocrx_word' id='word_1_342' title='bbox 251 3317 511 3355; x_wconf 83' lang='lat' dir='ltr'>promulgaret</span> <span class='ocrx_word' id='word_1_343' title='bbox 542 3319 573 3349; x_wconf 90' lang='lat'>1.</span> <span class='ocrx_word' id='word_1_344' title='bbox 676 3316 705 3357; x_wconf 76' lang='lat' dir='ltr'>f)</span> <span class='ocrx_word' id='word_1_345' title='bbox 733 3326 763 3348; x_wconf 90' lang='lat' dir='ltr'>e.</span> <span class='ocrx_word' id='word_1_346' title='bbox 793 3316 1023 3349; x_wconf 82' lang='lat' dir='ltr'>Germaniae</span> <span class='ocrx_word' id='word_1_347' title='bbox 1052 3319 1085 3348; x_wconf 92' lang='lat'>1.</span> <span class='ocrx_word' id='word_1_348' title='bbox 1185 3315 1223 3357; x_wconf 87' lang='lat' dir='ltr'>g)</span> <span class='ocrx_word' id='word_1_349' title='bbox 1253 3327 1288 3356; x_wconf 91' lang='lat' dir='ltr'>q.</span> <span class='ocrx_word' id='word_1_350' title='bbox 1315 3319 1435 3356; x_wconf 87' lang='lat' dir='ltr'>legati</span> <span class='ocrx_word' id='word_1_351' title='bbox 1465 3336 1506 3341; x_wconf 92' lang='lat'>—</span> <span class='ocrx_word' id='word_1_352' title='bbox 1533 3318 1576 3350; x_wconf 83' lang='lat' dir='ltr'>R.</span> <span class='ocrx_word' id='word_1_353' title='bbox 1605 3317 1637 3348; x_wconf 87' lang='lat' dir='ltr'>d.</span> <span class='ocrx_word' id='word_1_354' title='bbox 1668 3319 1699 3348; x_wconf 85' lang='lat'>1.</span> 
     </span>
    </p>

    <p class='ocr_par' dir='ltr' id='par_1_9' title="bbox 377 3407 2111 3464">
     <span class='ocr_line' id='line_1_47' title="bbox 377 3407 2111 3464; baseline 0.002 -16"><span class='ocrx_word' id='word_1_355' title='bbox 377 3408 422 3462; x_wconf 86' lang='lat'>1)</span> <span class='ocrx_word' id='word_1_356' title='bbox 457 3410 582 3451; x_wconf 85' lang='lat' dir='ltr'>Italis</span> <span class='ocrx_word' id='word_1_357' title='bbox 614 3411 815 3452; x_wconf 75' lang='lat' dir='ltr'>sinanza.</span> <span class='ocrx_word' id='word_1_358' title='bbox 942 3409 987 3464; x_wconf 79' lang='lat'>2)</span> <span class='ocrx_word' id='word_1_359' title='bbox 1022 3411 1621 3452; x_wconf 81' lang='lat' dir='ltr'>Marmoutier-lez-Tours.</span> <span class='ocrx_word' id='word_1_360' title='bbox 1745 3407 1793 3463; x_wconf 91' lang='lat'>3)</span> <span class='ocrx_word' id='word_1_361' title='bbox 1827 3409 1920 3451; x_wconf 92' lang='lat' dir='ltr'>Leo</span> <span class='ocrx_word' id='word_1_362' title='bbox 1949 3411 2038 3451; x_wconf 87' lang='lat' dir='ltr'>iam</span> <span class='ocrx_word' id='word_1_363' title='bbox 2065 3423 2111 3452; x_wconf 82' lang='lat' dir='ltr'>a.</span> 
     </span>
    </p>
   </div>
   <div class='ocr_carea' id='block_1_9' title="bbox 253 3468 2108 3584">
    <p class='ocr_par' dir='ltr' id='par_1_10' title="bbox 253 3468 2108 3584">
     <span class='ocr_line' id='line_1_48' title="bbox 254 3468 2108 3526; baseline 0.003 -20"><span class='ocrx_word' id='word_1_364' title='bbox 254 3468 355 3509; x_wconf 81' lang='lat'>992.</span> <span class='ocrx_word' id='word_1_365' title='bbox 390 3471 546 3512; x_wconf 86' lang='lat' dir='ltr'>missus</span> <span class='ocrx_word' id='word_1_366' title='bbox 581 3476 624 3511; x_wconf 85' lang='lat' dir='ltr'>et</span> <span class='ocrx_word' id='word_1_367' title='bbox 656 3472 848 3524; x_wconf 84' lang='lat' dir='ltr'>synodus</span> <span class='ocrx_word' id='word_1_368' title='bbox 883 3477 986 3512; x_wconf 89' lang='lat' dir='ltr'>tunc</span> <span class='ocrx_word' id='word_1_369' title='bbox 1017 3472 1181 3526; x_wconf 86' lang='lat' dir='ltr'>Aquis,</span> <span class='ocrx_word' id='word_1_370' title='bbox 1225 3485 1266 3514; x_wconf 89' lang='lat' dir='ltr'>a.</span> <span class='ocrx_word' id='word_1_371' title='bbox 1302 3472 1403 3514; x_wconf 86' lang='lat'>994.</span> <span class='ocrx_word' id='word_1_372' title='bbox 1438 3471 1687 3525; x_wconf 88' lang='lat' dir='ltr'>Ingelheim</span> <span class='ocrx_word' id='word_1_373' title='bbox 1720 3471 1874 3511; x_wconf 85' lang='lat' dir='ltr'>habita</span> <span class='ocrx_word' id='word_1_374' title='bbox 1906 3475 1995 3523; x_wconf 81' lang='lat' dir='ltr'>est;</span> <span class='ocrx_word' id='word_1_375' title='bbox 2046 3470 2108 3512; x_wconf 78' lang='lat' dir='ltr'>cf.</span> 
     </span>
     <span class='ocr_line' id='line_1_49' title="bbox 253 3529 757 3584; baseline 0.014 -17"><span class='ocrx_word' id='word_1_376' title='bbox 253 3529 468 3571; x_wconf 51' lang='lat' dir='ltr'>NVilmans</span> <span class='ocrx_word' id='word_1_377' title='bbox 501 3545 544 3584; x_wconf 94' lang='lat' dir='ltr'>p.</span> <span class='ocrx_word' id='word_1_378' title='bbox 582 3531 650 3573; x_wconf 81' lang='lat'>58.</span> <span class='ocrx_word' id='word_1_379' title='bbox 688 3532 757 3574; x_wconf 90' lang='lat'>60.</span> 
     </span>
    </p>
   </div>
  </div>
 </body>
</html>
