2240 3879
506 227 755 268 RICHERI
790 228 1206 270 HISTORIARUM
1236 229 1418 269 LIBER
1451 232 1486 270 I.
1864 234 1917 272 29

82 365 256 414 nimus
292 363 542 431 gradivea
579 366 634 414 in
669 364 870 415 hostem
907 364 1174 430 accelerat.
1236 365 1481 417 Procedit
1520 385 1724 436 quoque
1762 372 1915 421 tiran-

82 451 196 497 nus⁷
235 434 409 482 animo
448 451 554 483 non
590 434 777 501 impar,
816 441 868 483 at
903 432 1197 500 legionibus
1235 434 1422 500 potior.

160 530 242 581 46.
306 529 511 581 Bellum
549 533 682 582 inter
716 530 971 581 Karolum
1010 538 1059 580 et
1095 529 1404 581 Rotbertum
1443 533 1656 600 eiusque
1695 534 1834 601 fuga.

221 613 426 677 Quibus
464 616 724 683 utrimque
761 615 886 664 visis
926 614 1231 678 comminus‚
1272 631 1390 664 cum
1428 617 1659 666 maximo
1691 617 1914 669 clamore

81 683 286 750 utrique
333 685 592 734 exercitus
641 683 804 750 signis
851 681 1048 732 infestis
1098 691 1425 734 concurrunt.
1511 683 1913 754 Congressiquc‚

80 751 341 802 innumeri
378 751 498 801 hinc
535 751 655 801 inde
694 758 954 800 corruunt.
1028 750 1098 800 Et
1121 750 1402 801 Rotbertus
1431 752 1642 820 quidem
1676 772 1770 804 rex
1798 773 1915 805 cum

80 819 135 868 in
172 822 453 871 certamine
490 822 697 888 ignotus
737 826 873 868 esset
910 827 961 869 et
995 818 1115 868 hinc
1152 819 1273 870 inde
1310 820 1542 871 feriendo
1581 831 1687 872 toto
1729 841 1914 892 campo

79 887 286 954 fureret,
325 908 355 939 a
393 889 671 939 coniuratis
712 888 1069 954 conspectusb,
1109 906 1175 938 an
1211 889 1324 956 ipse
1362 898 1510 955 esset,
1549 891 1912 960 interrogatur.

80 956 152 1006 At
187 956 271 1007 ille
308 956 612 1024 intrepidus,
660 973 786 1006 mox
823 955 1043 1006 barbam
1082 956 1375 1007 obvelatam
1415 958 1642 1027 detegitC
1699 979 1914 1030 seseque

82 1043 193 1076 esse
242 1026 550 1089 monstratd,
607 1023 769 1074 multa
814 1025 866 1074 vi
912 1026 967 1074 in
1012 1024 1319 1076 Fulbertum
1366 1028 1671 1078 *eomiteme
1719 1029 1914 1080 ferrum

79 1093 306 1144 vibrans.
380 1093 473 1144 Ille
510 1111 649 1158 vero,
687 1092 860 1143 loetali
905 1094 1013 1144 ictu
1061 1095 1329 1162 acceptos,
1376 1095 1442 1146 ab
1483 1114 1542 1146 eo
1581 1097 1634 1145 in
1673 1097 1912 1149 dextram

81 1161 390 1231 obliquatur.
463 1162 533 1212 Et
570 1163 644 1212 sic
681 1180 776 1230 per
811 1162 1000 1213 loricae
1038 1165 1298 1213 manicam
1324 1163 1503 1214 lancea
1530 1183 1650 1215 eum
1678 1167 1730 1215 in
1755 1166 1912 1218 latere

79 1232 390 1299 gravissimo
428 1232 534 1281 ictu
571 1233 768 1281 sauciat
803 1248 1005 1282 necnon
1042 1240 1092 1282 et
1128 1250 1223 1300 per
1260 1251 1386 1300 epar
1420 1241 1574 1301 atque
1610 1234 1913 1302 pulmonem

80 1308 131 1350 et
158 1301 349 1350 sinistri
385 1299 559 1350 lateris
596 1300 980 1368 ypocundriam
1005 1300 1199 1350 ferrum
1225 1319 1389 1369 usque
1416 1304 1470 1351 in
1497 1301 1723 1370 clipeum
1749 1313 1912 1355 trans-

79 1369 189 1435 igit,
229 1377 313 1419 etg
349 1369 724 1437 circumseptus
751 1368 817 1419 ab
845 1369 974 1434 aliis,
1019 1378 1219 1437 septem
1264 1369 1458 1421 lanceis
1494 1371 1762 1422 confossus
1798 1392 1912 1441 pre-

81 1438 359 1505 cipitatus¹¹
386 1439 577 1488 corruit
614 1437 956 1507 diriguitque3
994 1438 1290 1507 *multoque
1318 1438 1621 1490 Fulbertusi
1649 1442 1797 1491 moxi
1825 1459 1911 1492 ex-

78 1505 292 1557 haustus
331 1508 580 1574 sanguine
619 1508 703 1557 etk
739 1509 874 1557 inter
910 1515 1162 1558 certantes
1200 1515 1433 1558 mortuus
1473 1509 1674 1559 cecidit.
1749 1510 1909 1561 Inter-

80 1584 256 1644 empto
292 1593 415 1626 vero
453 1575 720 1641 Rotberto‚
766 1583 909 1626 tanta
944 1577 997 1626 vi
1036 1576 1208 1626 caedis
1255 1584 1471 1645 uterque
1510 1577 1729 1629 deseviit
1765 1597 1909 1630 exer-

81 1644 227 1709 citus,
273 1652 330 1694 ut
366 1645 420 1694 in
456 1652 602 1712 parte
649 1645 785 1694 eiusl
827 1645 1066 1709 11349111,
1113 1646 1167 1694 in
1204 1653 1351 1713 parte
1389 1663 1513 1696 vero
1552 1646 1734 1697 Karoli
1773 1648 1909 1699 7118

79 1732 112 1764 a
146 1712 443 1764 Flodoardo
481 1712 769 1780 presbitero
806 1712 940 1764 ferro
988 1714 1244 1763 interiisse
1292 1713 1610 1782 descriptum
1657 1716 1767 1767 sit¹.
1842 1716 1911 1766 Et

78 1783 185 1832 iam
222 1781 434 1850 quidem
470 1781 654 1832 Karoli
689 1783 905 1832 victoria
942 1781 1233 1847 Videbatur,
1283 1800 1343 1832 eo
1383 1783 1538 1851 quod,
1586 1785 1788 1834 tiranno
1829 1802 1910 1835 oc-

80 1851 203 1914 ciso,
232 1852 321 1918 qui
345 1849 480 1900 illius
495 1861 516 1883 ¹¹
541 1850 745 1900 fuerant
768 1852 823 1900 in
846 1850 1026 1918 fugam
1050 1850 1368 1916 ferebantur3
1408 1869 1527 1900 cum
1554 1869 1674 1902 ecce
1689 1862 1708 1885 0
1734 1852 1910 1921 Hugo,

79 1919 317 1969 Rotberti
341 1918 492 1984 filius,
519 1920 610 1969 vix
645 1918 817 1969 adhuc
854 1919 1161 1987 pubescens,
1199 1920 1253 1968 in
1290 1919 1511 1987 prelium
1537 1920 1602 1970 ab
1630 1920 1909 1972 Heriberto

81 1987 356 2038 deducitur
391 1989 747 2055 succurritque
784 1987 1094 2038 labentibus.
1167 1987 1237 2038 Et
1272 1988 1393 2038 licet
1419 2006 1537 2038 cum
1565 1990 1728 2058 copiis
1757 1990 1910 2040 adve-

78 2057 258 2122 nerit1³7
312 2064 502 2121 tamen,
557 2064 735 2124 utpote
782 2057 871 2124 qui
924 2064 1105 2124 patreq
1161 2058 1352 2108 amisso
1408 2075 1587 2107 omnes
1643 2066 1911 2126 suspectos

78 2124 306 2176 habebat
348 2124 592 2194 nulloque
630 2125 761 2175 duce
796 2125 956 2176 fretus
994 2133 1118 2191 erat,
1169 2144 1199 2176 a
1235 2124 1357 2176 belli
1403 2125 1650 2177 violentia
1701 2129 1911 2195 quievit.

77 2192 214 2244 Illud
248 2201 449 2244 tantum
485 2192 852 2244 memorabile?
889 2193 1072 2244 fecisse
1109 2193 1382 2260 refermrS,
1431 2194 1571 2262 quod
1607 2194 1747 2245 nullo
1791 2197 1913 2246 resi-

78 2269 242 2313 stente
271 2261 443 2312 locum
478 2262 602 2313 belli
638 2264 938 2331 occupavitt
975 2270 1025 2313 et
1050 2262 1423 2331 aliquantisper
1446 2265 1500 2312 in
1525 2281 1585 2313 eo
1615 2266 1768 2329 stetit,
1806 2266 1915 2315 acsi

1939 381 2020 415 923.

1934 1047 1945 1058 ⁸
1962 1049 2024 1081 fol.
2052 1051 2107 1081 12.

1931 1455 1941 1466 ⁸
1958 1467 1994 1496 p.
2024 1457 2107 1490 582.

77 2331 353 2382 manubias
378 2331 605 2382 hostium
631 2331 942 2399 direpturus.
998 2331 1153 2382 Unde
1184 2340 1235 2382 et
1263 2331 1362 2382 sibi
1391 2332 1559 2383 victor
1585 2332 1862 2383 videbatur
1876 2343 1913 2383 ¹¹.
1976 2373 1983 2378 .

78 2399 303 2450 Karolus
339 2417 463 2450 vero
502 2399 606 2450 obv
641 2417 824 2450 necem
860 2401 1052 2450 tiranni
1087 2401 1308 2451 victoria
1343 2401 1499 2468 potiri
1537 2418 1649 2451 sese
1676 2400 1914 2469 putabat.

80 2468 463 2536 QuapropterW
500 2476 550 2518 et
586 2485 777 2535 anceps
813 2469 1032 2519 Victoria
1066 2469 1178 2533 fuit,
1217 2487 1337 2519 cum
1377 2467 1586 2531 Celtae*
1626 2469 1914 2520 desertores

78 2555 257 2605 regem
303 2537 590 2586 extinctum
636 2537 919 2601 amiserint,
967 2536 1194 2587 Karolus
1243 2547 1402 2587 verox
1450 2536 1577 2586 nihil
1628 2536 1912 2604 spoliorum

199 2653 239 2707 ³⁴¹)
273 2654 391 2696 Galli
422 2666 572 2706 regem
606 2655 747 2694 subito
784 2658 976 2694 creatum
1012 2659 1096 2694 ext.
1134 2656 1172 2694 1.

176 2757 213 2799 a)
239 2760 530 2798 magnanimiter
566 2767 657 2789 corr.
686 2767 734 2789 m.
763 2767 820 2796 gr.
920 2757 958 2798 b)
988 2759 1025 2788 in
1051 2767 1149 2796 enar-q
1265 2756 1298 2797 c)
1328 2766 1349 2788 a
1374 2758 1493 2789 lorica
1528 2759 1691 2790 extraxit
1714 2767 1810 2801 corr.
1839 2759 1912 2791 det.

79 2806 117 2848 d)
146 2809 370 2838 monstravit
405 2817 496 2838 corr.
537 2810 733 2839 monstrat.
858 2804 893 2846 e)
933 2807 1077 2836 dimidia
1111 2805 1249 2844 payina
1289 2806 1372 2835 aliis
1411 2807 1522 2837 erasis
1559 2815 1671 2837 manu,
1709 2807 1728 2837 2
1767 2808 1912 2845 scripta.

78 2854 108 2897 f)
135 2864 226 2888 vero
255 2857 378 2895 clipeo
404 2856 520 2886 ictum
548 2856 743 2894 excipiens
770 2863 862 2887 corr.
890 2858 929 2884 uc
956 2855 1094 2885 editum.
1197 2853 1233 2894 g)
1259 2854 1414 2885 Irruunt
1442 2857 1476 2887 et
1505 2855 1799 2894 circumquaque
1828 2864 1913 2886 con·

77 2905 203 2937 iurati.
251 2903 286 2934 A
313 2905 448 2943 quibus
475 2904 679 2934 Rotbertus
704 2903 986 2942 circumseptuS,
1025 2905 1167 2941 septem
1194 2910 1287 2935 corr.
1312 2906 1351 2932 uc
1377 2903 1513 2934 editum.
1599 2903 1638 2944 h)
1667 2912 1696 2934 c.
1726 2903 1902 2935 occubuit

79 2952 161 2990 Quo
187 2953 412 2991 interempto
448 2961 541 2983 corr.
577 2956 616 2981 ut
655 2951 793 2982 editum.
894 2949 922 2990 i)
946 2954 1028 2989 post
1053 2950 1135 2983 add.
1235 2948 1277 2989 k)
1306 2951 1489 2989 corriguit
1521 2952 1647 2982 iterum
1682 2961 1777 2983 corr.
1807 2954 1844 2983 et
1871 2968 1912 2974 —

80 3015 226 3048 cecidit.
328 3014 356 3055 1)
385 3015 558 3046 Rotberti
591 3024 683 3046 corr.
713 3014 808 3047 eius.
918 3011 970 3052 m)
1005 3014 1055 3043 ica
1091 3013 1195 3052 Ekk.;
1246 3013 1317 3053 XI,
1356 3014 1393 3044 in
1427 3015 1584 3054 maryine
1611 3015 1731 3044 addito
1760 3013 1852 3046 CCC
1879 3018 1916 3046 et

81 3063 232 3105 (reliqua
258 3062 409 3103 abscisa)
437 3073 465 3094 c.
567 3061 606 3102 n)
636 3063 695 3093 sui
720 3071 811 3093 corr.
841 3061 955 3093 illius.
1057 3059 1092 3100 ο)
1121 3061 1340 3092 Heribertus
1367 3062 1569 3101 Hugonem
1603 3063 1646 3094 R.
1674 3063 1792 3093 filium
1831 3071 1914 3094 cum

78 3112 156 3142 iam
181 3112 449 3150 pubescentem
476 3112 516 3142 in
551 3120 587 3150 p.
616 3111 767 3141 deducit
801 3118 896 3140 corr.
923 3113 961 3139 ut
987 3109 1037 3140 ed.
1152 3107 1191 3148 p)
1221 3109 1445 3142 advenerint
1473 3128 1516 3134 —
1543 3111 1732 3142 habebant
1762 3128 1804 3133 —
1832 3111 1915 3141 freti

79 3162 189 3191 erant
217 3178 257 3183 —
285 3161 512 3198 quieverunt
536 3168 628 3191 corr.
656 3162 694 3188 ut
721 3159 772 3190 ed.
880 3155 919 3197 q)
946 3165 1032 3195 rege
1066 3165 1158 3188 corr.
1198 3161 1315 3196 patre.
1430 3157 1461 3198 r)
1490 3159 1639 3196 insigne
1677 3167 1769 3189 corr.
1803 3166 1915 3189 mem.

80 3206 112 3247 ε)
136 3207 350 3238 referuntur
374 3217 402 3241 c.
426 3208 635 3247 neqliyentia
661 3206 845 3245 scriptoris
871 3205 932 3244 qui
962 3205 1138 3243 pluralem
1175 3213 1358 3237 numerum
1386 3207 1424 3236 in
1453 3208 1516 3237 hac
1548 3211 1687 3237 tantum
1713 3214 1793 3236 voce
1820 3210 1850 3236 ee
1877 3207 1914 3236 in

79 3255 203 3286 ultima
227 3256 399 3286 sententia
424 3264 498 3286 non
523 3255 686 3286 correxit.
784 3252 812 3293 t)
842 3255 1122 3292 occupaverunt
1140 3271 1180 3276 —
1201 3257 1385 3286 steterunt
1404 3271 1446 3277 —
1462 3255 1645 3293 direpturi
1671 3263 1765 3285 corr.
1792 3257 1831 3284 ut
1857 3255 1913 3284 ed.

79 3301 120 3343 u)
146 3304 308 3335 victores
335 3304 561 3335 videbantur
594 3313 622 3334 c.
671 3301 739 3333 Sed
774 3311 813 3332 ex
845 3305 937 3331 textu
971 3301 1095 3340 priore
1128 3302 1198 3332 iam
1232 3302 1338 3333 deleto
1366 3304 1486 3334 victor
1511 3303 1564 3332 sic
1597 3310 1679 3334 esse
1718 3301 1917 3333 videbatur

81 3351 147 3390 leqi
166 3355 290 3390 potest.
389 3350 427 3392 v)
455 3355 584 3391 utpote
609 3352 760 3382 tiranno
787 3349 985 3381 interfecto
1006 3349 1113 3388 prior
1130 3351 1296 3381 narratio
1324 3350 1376 3392 (ι)
1397 3350 1578 3390 peryebac,
1667 3350 1715 3390 w)
1745 3349 1852 3381 Unde
1883 3351 1915 3381 1.

82 3397 122 3439 x)
150 3400 232 3430 add.
260 3402 293 3431 2.

207 3475 250 3528 1)
282 3476 382 3516 Hoc
414 3490 497 3517 nec
527 3478 572 3517 in
603 3476 848 3517 Annalibus
881 3488 962 3515 nec
995 3476 1040 3514 in
1072 3475 1185 3517 Hist.
1220 3477 1346 3517 Rem.
1378 3475 1556 3528 legitur.
