2240 3879
442 224 689 263 RICHERI
722 224 1136 264 HISTORIARUM
1169 223 1350 262 LIBER
1384 224 1493 262 IIII.
1805 224 1885 261 141

612 361 694 412 28.
767 361 1030 411 Promotio
1067 359 1271 410 Arnulfi
1286 369 1321 410 ³.

185 445 302 495 Rex
353 445 545 495 civium
590 446 899 495 sententiam
948 443 1222 512 approbat,
1272 451 1328 494 ut
1378 461 1552 494 coram
1603 443 1889 494 deliberent
1906 457 1987 489 989.

47 513 207 565 iubet.
281 513 527 564 Rationes
568 531 744 564 coram
782 513 1067 581 dispositae
1107 520 1239 563 sunt.
1294 512 1577 563 Arnulfum
1614 513 1804 580 itaque,
1845 514 1888 563 si

50 582 190 652 quod
235 583 456 651 spondet
505 582 720 647 *faciat,
772 582 989 650 dignum
1042 600 1246 631 summo
1301 581 1591 633 sacerdotio
1638 590 2091 632 asserunt.‘f01·45‘.

47 653 229 720 Itaque
276 660 494 702 vocatus
553 661 602 703 et
648 660 763 702 ante
813 668 991 719 regem
1040 650 1297 702 admissus
1348 660 1439 703 est.
1525 651 1630 714 Qui
1675 650 1738 700 de
1788 650 1890 700 fide

46 719 286 772 habenda
313 739 437 788 erga
462 739 640 789 regem
670 721 978 785 sciscitatUS,
1006 719 1073 770 ad
1101 721 1333 771 omnium
1358 729 1481 772 vota
1506 719 1887 770 modestissime

45 789 328 858 respondit.
402 789 488 840 Ad
527 790 835 841 coenobium
874 806 997 856 ergo
1036 789 1413 840 monachorum
1450 790 1616 840 sancti
1643 789 1885 856 Remigii,

46 858 186 928 quod
223 858 289 910 ab
328 859 456 910 urbe
492 877 595 909 uno
632 858 852 908 miliario
898 858 1055 908 situm
1106 867 1197 923 est,
1246 860 1338 911 ubi
1385 859 1640 910 ordinatio
1689 859 1887 926 episco-

41 945 230 997 porum
267 946 334 979 ex
373 928 584 996 antiquo
621 926 865 978 habenda
902 936 994 993 est,
1035 947 1063 978 a
1101 946 1224 995 rege
1264 937 1312 979 et
1348 928 1659 997 primatibus
1697 927 1886 979 deduc-

42 1006 124 1048 tus
163 1006 253 1049 est.
323 997 431 1049 Ubi
467 1015 562 1047 rex
599 1015 717 1047 cum
755 1014 967 1047 suorum
992 997 1194 1047 medius
1220 998 1486 1063 resideret,
1525 1005 1645 1066 post
1671 995 1888 1047 consilia

41 1066 185 1134 apud
229 1085 348 1118 suos
394 1066 640 1117 secessim
685 1063 881 1131 habita,
927 1066 1130 1118 liberali
1177 1066 1382 1135 eloquio
1429 1068 1504 1117 sic
1549 1066 1735 1117 affatus
1781 1074 1885 1117 est:

42 1135 230 1187 ‘Divae
267 1135 583 1187 memoriaeb
610 1134 896 1198 Ludovico,
934 1135 1168 1186 Lotharii
1205 1135 1328 1197 filio,
1369 1135 1483 1186 orbi
1520 1136 1801 1199 subtracto,
1841 1136 1885 1185 si

39 1204 210 1274 proles
249 1204 601 1273 superfuisset,
641 1223 756 1255 eam
795 1205 895 1256 sibi
922 1205 1252 1271 successisse,
1293 1205 1511 1273 dignum
1536 1204 1683 1255 foret.
1749 1204 1886 1267 Quia

39 1292 162 1325 vero
200 1275 376 1343 regiae
422 1275 746 1342 generationi
792 1275 1053 1325 successio
1104 1273 1246 1324 nulla
1295 1283 1386 1341 est,
1434 1274 1592 1343 idque
1642 1272 1884 1324 omnibus

38 1343 111 1394 ita
147 1343 255 1393 fore
292 1350 450 1411 patet,
488 1344 647 1394 vestri
686 1352 1115 1413 caeterorumque
1153 1345 1469 1413 principum,
1510 1361 1689 1395 eorum
1728 1343 1884 1394 etiam

41 1413 130 1481 qui
165 1413 218 1463 in
255 1411 467 1463 militari
504 1412 683 1463 ordine
721 1414 951 1481 potiores
991 1421 1137 1464 erant
1175 1414 1386 1482 optione
1420 1421 1733 1480 assumptus,
1770 1430 1885 1480 pre-

39 1482 228 1533 mineo.
342 1481 494 1532 Nunc
553 1500 677 1533 vero
745 1484 992 1551 quoniam
1048 1501 1115 1534 ex
1174 1482 1311 1534 linea
1372 1482 1537 1551 regali
1597 1483 1682 1532 hic
1745 1481 1883 1532 unde

38 1569 208 1602 sermo
247 1559 324 1603 est
360 1550 499 1601 solus
538 1551 805 1620 superfuit,
852 1571 916 1604 ne
952 1553 1084 1603 tanti
1121 1552 1282 1619 patris
1319 1570 1511 1602 nomen
1549 1550 1719 1602 adhuc
1759 1550 1884 1601 obli-

38 1620 191 1671 vione
236 1620 479 1685 fuscetur,
529 1619 667 1671 hunc
714 1622 1049 1688 superstitem
1096 1622 1315 1672 alicuius
1368 1621 1637 1690 dignitatis
1687 1619 1883 1671 honore

39 1690 425 1758 expoposcistis
465 1689 663 1740 donari.
726 1690 783 1741 Si
820 1709 944 1759 ergo
982 1689 1106 1741 fidei
1133 1689 1423 1742 servandae
1449 1691 1528 1741 ius
1556 1688 1882 1758 polliceatur,

38 1758 182 1810 urbis
219 1759 493 1810 tuitionem
531 1758 802 1828 spondeat,
850 1759 1087 1811 hostibus
1127 1761 1284 1811 etiam
1321 1762 1376 1811 in
1412 1759 1553 1810 nullo
1594 1778 1704 1811 sese
1743 1777 1882 1809 com-

41 1829 441 1893 municaturum,
478 1828 637 1879 immo
665 1827 778 1879 illos
805 1829 1181 1897 impetiturum,
1208 1831 1496 1898 promittat,
1527 1830 1686 1880 vestri
1712 1827 1883 1878 iuditii

39 1915 256 1949 censura
294 1896 581 1948 concedere
620 1898 667 1948 ei
705 1898 1068 1967 episcopatum
1104 1916 1209 1949 non
1246 1899 1468 1967 pigebit3
1507 1898 1577 1949 ita
1616 1908 1792 1949 tamen
1827 1906 1884 1948 ut

39 1967 326 2017 secundum
380 1966 716 2034 prudentium
773 1967 1152 2019 ordinationem
1208 1968 1519 2019 sacramenti
1574 1968 1880 2018 auctoritate

38 2036 168 2086 mihi
206 2054 438 2087 conexus
477 2037 572 2086 sit'.

551 2165 632 2217 29.
708 2164 1055 2234 Cirographic
1093 2165 1361 2234 scriptum.

179 2265 264 2315 ‘Et
299 2273 357 2317 ut
392 2266 601 2334 penitus
626 2266 813 2316 mentis
841 2273 1155 2334 conceptum
1181 2265 1430 2333 aperiam,
1468 2271 1588 2334 post
1612 2265 1882 2316 iurationis

40 2343 425 2386 sacramentum
463 2334 831 2403 cirographum
869 2332 936 2385 ab
977 2352 1037 2385 eo
1085 2333 1420 2385 scribendum
1468 2342 1624 2402 puto,
1681 2335 1735 2383 in
1780 2352 1881 2402 quo

39 2401 417 2454 maledictionis
467 2402 1035 2455 anathemahabeatur
1069 2402 1384 2469 huiusmodi,
1435 2402 1575 2471 quod
1613 2403 1660 2454 ei
1695 2404 1883 2471 impre-

38 2480 183 2523 cetur
218 2490 313 2541 pro
350 2472 588 2524 felicibus
627 2471 1019 2536 contumeliosa,
1068 2490 1162 2540 pro
1215 2471 1529 2523 salutaribus
1579 2472 1881 2540 pernitiosa,

38 2559 134 2610 pro
171 2541 400 2593 honestis
450 2542 639 2610 turpia,
689 2559 784 2611 pro
830 2541 1167 2593 diuturnitate
1218 2549 1490 2610 punctum,
1541 2559 1635 2609 pro
1684 2541 1879 2593 honore

40 2616 413 2680 contemptum,
465 2618 515 2661 et
563 2619 620 2661 ut
667 2619 834 2661 totum
890 2609 1244 2675 concludatur,
1294 2629 1389 2679 pro
1442 2610 1683 2662 omnibus
1729 2610 1880 2661 bonis

42 2681 216 2731 omnia
251 2679 403 2731 mala.
477 2679 631 2744 Quod
670 2680 824 2730 etiam
868 2680 1172 2748 bipertitum
1221 2679 1334 2731 fieri
1381 2679 1569 2748 placet.
1641 2679 1880 2731 Alterum

41 2748 182 2814 mihi,
237 2748 337 2800 sibi
391 2747 610 2801 alterum
666 2748 998 2800 concedatur.
1080 2748 1408 2817 Quandoque
1457 2750 1615 2800 etiam
1664 2749 1762 2799 hoc
1808 2748 1881 2799 illi

40 2816 327 2870 calumnias
362 2820 577 2887 ingeret,
617 2820 660 2870 si
694 2819 914 2887 turpiter
950 2837 982 2868 a
1018 2818 1120 2869 fide
1171 2816 1423 2870 deelinet’.
1497 2818 1615 2868 Hac
1653 2818 1881 2887 promul-

0 2923 1 2947 ᾖ
41 2893 162 2953 gata
198 2888 467 2953 sententia,
517 2888 572 2938 id
606 2888 680 2939 ita
713 2887 1014 2940 faciendum
1058 2887 1123 2940 ab
1174 2887 1415 2939 omnibus
1466 2886 1737 2939 laudatum
1787 2896 1878 2940 est.

41 2954 284 3008 Procedit
335 2957 511 3026 itaque
565 2956 816 3007 Arnulfus
872 2973 1062 3008 coram.
1148 2955 1206 3008 Si
1251 2956 1307 3007 id
1361 2957 1631 3008 inventum
1686 2956 1877 3022 laudet,

43 3024 341 3077 consulitur.
396 3026 483 3077 An
508 3027 583 3077 sic
609 3026 863 3094 suscipiat
888 3025 1029 3094 quod
1054 3026 1198 3095 petit,
1227 3027 1535 3077 sciscitatm.
1598 3025 1692 3078 Ille
1719 3025 1878 3077 hono-

41 3092 112 3144 ris
148 3095 368 3164 cupidus
404 3096 673 3147 inventum
707 3094 901 3146 laudat.
964 3094 1089 3146 Sese
1128 3096 1201 3146 sic
1237 3113 1390 3164 posse
1429 3097 1710 3164 suscipere,
1739 3113 1877 3146 asse-

42 3170 201 3214 verat.
263 3165 443 3216 Iussus
480 3165 655 3233 itaque
694 3163 1061 3233 cirographum
1097 3164 1402 3233 bipertitum
1438 3165 1638 3216 notavit
1657 3174 1689 3215 ¹.
1745 3165 1879 3233 Regi

41 3227 276 3299 alterum,
311 3232 530 3286 alterum
566 3232 665 3285 sibi
703 3235 942 3285 servavit.

139 3387 176 3429 a)
207 3388 261 3420 Ar
285 3390 376 3423 absc.
477 3390 514 3431 b)
543 3392 592 3424 D.
620 3391 669 3423 M.
697 3400 722 3421 e.
825 3389 858 3430 c)
888 3390 930 3422 Ci
957 3389 1050 3422 absc.

167 3497 207 3549 1)
242 3498 367 3547 Quod
399 3513 439 3538 v.
474 3499 586 3540 infra
620 3513 659 3541 e.
694 3500 763 3540 60.
