2240 3879
409 230 660 271 RICHERI
693 230 1108 272 HISTORIARUM
1141 229 1323 270 LIBER
1355 231 1466 270 1111.
1805 233 1886 272 159

54 377 208 437 atque
245 367 310 419 ab
349 367 571 419 ecclesia
608 368 842 420 fidelium
886 366 1173 436 suspendit,
1222 366 1559 418 Remensium
1596 369 1888 436 predonum
1906 382 1986 413 991-

53 446 308 502 auctores,
344 436 581 503 factoreS,
623 445 1000 507 cooperatores,
1029 435 1256 486 fautores
1282 444 1332 486 et
1358 454 1389 486 a
1414 437 1639 504 propriis
1667 437 1890 490 dominis
1905 430 1987 463 ¹³¹¹·
2016 430 2074 463 ²⁷·

53 525 227 558 rerum
265 505 359 557 sub
399 507 676 575 emptionis
712 508 922 558 nomine
960 503 1351 557 abalienatores.
1428 504 1569 557 Seda
1608 523 1724 556 cum
1762 509 1891 559 tanti

52 575 175 627 mali
218 576 502 644 episcopus
551 583 734 627 auctor
781 577 985 640 existat,
1037 572 1366 625 anathemate
1415 573 1681 625 involutus
1730 577 1889 627 mani-

51 644 328 696 festissime
365 654 523 763 paltet.
581 645 735 710 Quod
774 645 930 696 etiam
968 642 1036 693 ad
1074 643 1184 694 eius
1223 644 1748 712 condempnationem
1786 664 1890 696 non

50 732 326 764 mmlmum
361 732 427 765 va
449 725 525 766 et.

224 830 306 881 64.
378 828 710 897 Indignatiob
751 825 985 878 Gualteri
1024 827 1293 895 episcopi⁰
1330 827 1382 876 in
1420 826 1714 879 Arnulfum.

190 926 468 979 Gualterus
503 924 997 995 Augustudunensis
1045 926 1322 995 episcopus
1374 926 1538 978 dixit:
1595 926 1696 977 ‘An
1734 926 1889 979 male·
1906 939 2016 975 Gerr),
2038 950 2067 973 c.
2086 942 2144 975 13.

51 1013 208 1047 sanae
246 997 432 1048 mentis
470 995 555 1046 hic
601 996 881 1064 episcopus
927 1013 1032 1046 non
1071 1004 1162 1061 est,
1214 996 1303 1064 qui
1339 1013 1435 1064 pro
1474 1015 1527 1047 se
1566 996 1890 1049 defensiones

49 1066 243 1132 nititur,
293 1084 414 1117 cum
450 1064 661 1132 regibus
707 1073 756 1115 et
800 1072 876 1115 tot
923 1064 1160 1134 patribus
1209 1066 1318 1115 eius
1367 1065 1615 1134 iniquitas
1662 1065 1887 1118 dilucide

48 1143 224 1206 pateat
261 1143 310 1187 et
345 1136 557 1203 insuper
591 1131 868 1201 presbiteri
906 1132 1161 1184 malorum
1203 1135 1398 1184 conscii
1437 1136 1730 1186 testimonio
1769 1152 1887 1186 con-

48 1204 332 1256 vincatur?
420 1203 506 1254 An
559 1203 672 1271 ipse
726 1201 850 1253 mali
902 1204 1145 1254 inventor
1198 1202 1490 1271 periculum
1545 1203 1887 1256 anathematis

48 1273 270 1325 evadere
308 1274 493 1342 potuit,
546 1289 663 1322 cum
712 1273 824 1340 ipse
862 1271 985 1323 mali
1021 1273 1262 1324 inventor
1299 1280 1348 1324 et
1383 1273 1555 1324 fautor
1590 1275 1888 1325 inventores

49 1351 99 1395 et
133 1343 395 1394 factoresd
430 1341 766 1410 fautoresque
804 1340 1188 1393 maledictionis
1226 1340 1327 1393 telo
1365 1342 1631 1410 perfodit?
1688 1342 1775 1393 An
1812 1344 1886 1412 ip-

48 1430 159 1464 sam
211 1411 557 1464 Divinitatem
609 1410 706 1462 hec
759 1410 1118 1480 perpenderee
1156 1429 1261 1462 non
1301 1411 1682 1477 animadvertit,
1739 1413 1891 1462 cumf

49 1481 302 1549 scriptum
340 1483 418 1545 sit,
459 1480 601 1549 quod
639 1478 772 1530 oculi
807 1480 1026 1531 Domini
1062 1482 1114 1531 in
1153 1481 1295 1530 omni
1320 1479 1432 1531 loco
1470 1480 1887 1549 contemplantur

44 1551 212 1602 bonos
250 1559 300 1602 et
335 1548 535 1600 malos?
606 1548 677 1599 Et
714 1558 851 1600 certe
889 1548 1136 1616 arbitror,
1188 1550 1313 1619 quia
1364 1549 1499 1601 dixit
1544 1551 1796 1620 insipiens
1833 1552 1886 1601 in
1902 1566 2011 1598 Prov.
2044 1565 2098 1606 15,
2119 1566 2152 1599 3.

48 1619 205 1671 corde
245 1638 363 1671 suo:
402 1618 520 1670 Non
558 1626 635 1670 est
658 1618 822 1669 Deus.
878 1617 1294 1671 Animadvertite
1333 1638 1457 1687 ergo
1495 1629 1687 1688 patres,
1728 1638 2050 1690 quan11>s‚52‚
2081 1647 2111 1676 1,

46 1689 276 1808 corrupti}
314 1696 432 1739 sunt
468 1695 519 1739 et
555 1686 972 1739 abominabiles&
1006 1689 1130 1740 facti
1168 1696 1288 1740 sunt
1323 1691 1378 1740 in
1415 1690 1600 1741 studiis
1639 1691 1745 1741 suis
1783 1690 1885 1741 fac-

44 1765 125 1810 tor
162 1767 213 1810 et
268 1760 445 1809 autor'.

46 1871 127 1924 65.
214 1871 416 1924 Odonis
466 1872 701 1940 episcopi
747 1870 1066 1922 admonitioh
1113 1871 1177 1923 de
1221 1871 1443 1923 iuditioh
1495 1872 1832 1924 accelerando
1849 1875 1885 1925 ¹¹.

186 1970 303 2023 Odo
332 1969 734 2022 Silvanectensis
773 1971 1049 2039 episcopus
1077 1971 1210 2022 dixit
1230 1982 1272 2022 1:
1313 1972 1593 2036 ‘Quoniam
1618 1970 1886 2040 religionis
1905 1988 1949 2019 cf.
1979 1997 2007 2022 c.
2037 1989 2093 2022 12.

47 2057 206 2091 causa
259 2048 310 2091 et
360 2040 506 2090 iussu
561 2040 1012 2092 serenissimorum
1067 2059 1253 2110 regum
1301 2040 1386 2092 hic
1437 2040 1640 2092 collecti
1689 2059 1885 2108 sumus,

45 2127 151 2160 non
187 2116 263 2160 est
300 2108 644 2161 differendum
680 2108 907 2160 habendi
942 2109 1114 2161 iuditii
1150 2127 1387 2161 examen.
1459 2111 1522 2162 Id
1559 2111 1698 2161 enim
1735 2129 1886 2180 reges

45 2176 407 2247 prestolantur.
483 2177 664 2231 Clerus
703 2186 753 2230 et
788 2178 937 2248 plebs
986 2180 1127 2231 idem
1178 2188 1471 2248 expectant.
1545 2179 1656 2231 Nec
1707 2188 1786 2232 est
1834 2182 1886 2231 in

47 2247 412 2299 diversissimis
468 2248 839 2300 sententiarum
887 2247 1176 2300 rationibus
1230 2249 1426 2300 diutius
1482 2249 1883 2315 immorandum,

49 2334 168 2368 cum
207 2335 289 2368 res
317 2317 386 2368 sit
411 2317 624 2368 evidens
663 2324 713 2368 et
737 2317 909 2368 iuditii
935 2319 1066 2370 ratio
1092 2319 1147 2368 in
1172 2326 1417 2387 promptu
1447 2319 1526 2370 sit.
1582 2318 1665 2369 De
1695 2319 1884 2387 quibus

47 2404 154 2437 non
191 2385 355 2436 solum
394 2394 603 2454 patrum
642 2388 857 2438 statutai
901 2385 1096 2456 legitis,
1144 2406 1326 2438 verum
1372 2388 1527 2438 etiam
1570 2405 1665 2455 per
1708 2405 1885 2439 conse-

48 2455 286 2525 quentias
322 2473 494 2505 rerum
533 2455 776 2524 equitatis
821 2472 1092 2507 censuram
1129 2456 1360 2525 proferre
1398 2474 1501 2507 non
1538 2457 1819 2524 ignoratis'.

49 2583 130 2636 66.
190 2582 397 2635 Arnulfi
432 2584 704 2653 persuasio
719 2586 783 2617 Μ
821 2584 887 2635 ad
925 2584 1220 2637 defensores
1237 2586 1263 2651 ¹,
1301 2593 1358 2636 ut
1392 2583 1576 2636 liberel
1604 2584 1882 2654 disputent.

186 2682 437 2735 Arnulfus
484 2682 877 2735 Aurelianensis
932 2686 1212 2752 episcopus
1262 2684 1418 2735 dixit:
1469 2683 1654 2750 ‘Licet,
1711 2692 1884 2753 patres
1903 2710 1932 2735 c.
1965 2703 2022 2733 17.

47 2753 345 2816 venerandi,
384 2754 480 2805 hec
520 2753 802 2805 certissime
840 2771 893 2804 se
931 2755 1007 2804 sic
1043 2752 1282 2818 habeant,
1320 2761 1377 2804 ut
1413 2752 1476 2804 de
1512 2752 1733 2805 Arnulfo
1771 2772 1884 2822 pre-

0 2855 1 2883 3
49 2823 302 2888 dicantur,
338 2821 678 2892 plurimisque
716 2823 982 2874 sententiis
1018 2830 1226 2890 patrum
1262 2823 1398 2874 iusto
1435 2822 1620 2874 iuditio
1648 2823 1884 2874 damnari

0 2889 1 2894 ’
48 2890 236 2959 valeat,
273 2899 463 2956 tamen,
502 2910 567 2943 ne
603 2890 875 2943 videamur
912 2890 975 2942 dc
1001 2891 1172 2943 fratris
1198 2893 1349 2943 ruina
1372 2891 1591 2943 letantes
1617 2901 1668 2944 et
1692 2893 1747 2943 in
1773 2893 1882 2944 eius

49 2959 382 3012 damnatione
417 2961 614 3031 absque
652 2962 789 3012 iusto
835 2959 1091 3025 ardenteS,
1129 2960 1460 3012 statuendum
1498 2962 1761 3012 communi
1799 2961 1883 3012 de-

51 3037 190 3082 creto
245 3031 491 3097 arbitror,
547 3037 618 3095 ut,
676 3030 994 3099 quicumque
1043 3031 1144 3080 inm
1191 3031 1301 3082 eius
1339 3030 1637 3082 defensione
1684 3029 1883 3100 aliquid

51 3097 220 3150 dicere
257 3100 454 3166 nititur,
504 3098 678 3151 locum
715 3098 1018 3151 defensandi
1053 3098 1268 3166 habeat,
1317 3098 1556 3151 revolvat
1602 3099 1883 3164 volumina,

148 3254 184 3296 a)
214 3255 329 3288 Cuius
356 3255 605 3287 anathematis
635 3257 667 3287 1.
767 3252 803 3293 b)
833 3255 921 3295 atio,
958 3255 1126 3294 episcopi
1154 3256 1246 3287 absc.
1349 3255 1382 3297 c)
1410 3257 1460 3298 io,
1489 3257 1520 3288 is
1547 3256 1638 3287 absc.
1741 3253 1778 3295 d)
1806 3255 1883 3286 fau-

51 3305 152 3336 tores
181 3305 211 3337 1.
337 3303 372 3345 e)
401 3313 478 3335 non
503 3313 540 3344 p.
570 3305 602 3337 1.
724 3301 753 3343 f)
781 3312 797 3333 e
823 3312 916 3334 corr.
947 3305 978 3335 1.
1105 3302 1142 3344 g)
1171 3305 1319 3336 abhom.
1349 3307 1381 3338 1.
1507 3303 1546 3344 h)
1575 3305 1698 3345 adm0‚
1734 3304 1882 3344 iuditio,

53 3352 244 3441 11130ρῖἶῖοί
369 3351 395 3393 i)
425 3353 579 3385 decreta
607 3354 639 3384 1.
766 3350 805 3391 k)
834 3352 974 3383 suatsio
1001 3360 1092 3384 corr.
1122 3354 1262 3386 suasio.
1386 3352 1413 3394 l)
1441 3361 1521 3394 per,
1548 3353 1669 3393 defen,
1697 3360 1759 3383 ere
1785 3352 1877 3385 absc.

175 3507 219 3562 1)
251 3509 317 3550 Ab
350 3510 417 3550 his
448 3509 580 3564 longe
616 3509 788 3551 diversa
821 3509 937 3564 apud
971 3510 1228 3551 Gerbertum
1262 3509 1480 3562 leguntur.
