2240 3879
516 246 768 287 R-ICHERI
801 248 1216 289 HISTORIARUM
1248 249 1431 290 LIBER
1465 251 1573 290 1111.
1886 255 1970 293 165

125 400 225 451 que
276 380 470 432 diutius
515 384 815 435 resistentes
866 386 1156 436 comminus
1205 396 1500 453 pugnarent
1563 406 1660 438 nec
1709 389 1970 456 cederent,

122 451 326 519 postico
367 451 508 519 quod
544 453 758 504 inferius
795 452 990 505 latebat
1025 453 1225 504 viribus
1265 454 1594 506 caedentium
1628 466 1791 523 eruto,
1829 461 1968 528 pira-

121 528 204 571 tae
241 519 460 571 admissi
497 529 632 573 sunt.
707 523 778 573 Et
823 540 854 573 a
890 531 1035 589 tergo
1081 523 1136 572 in
1185 540 1335 573 muro
1383 523 1743 592 pugnantibus
1791 545 1970 596 super-

120 590 403 655 venientes,
442 589 606 642 multa
644 591 805 642 caede
851 592 906 641 in
955 592 1027 640 eis
1077 589 1350 642 debaccati
1400 602 1534 644 sunt.
1627 593 1714 645 Sic
1760 614 1968 666 quoque

119 656 317 708 factum
343 666 434 724 est,
473 667 528 710 ut
555 667 605 710 et
628 659 858 729 reliquus
884 660 1143 711 exercitus
1169 661 1223 710 in
1239 669 1260 693 a
1289 660 1440 712 litore
1467 662 1639 713 adhuc
1665 666 1968 731 persistens,

120 724 373 778 classibus
411 728 655 796 pedester
679 728 1110 781 intromitteretur
1147 738 1480 799 castrumque
1517 733 1819 800 repentinus
1853 752 1968 802 per-

117 796 350 848 vaderet.

454 925 533 976 78.
609 923 947 976 Castrensesb
988 926 1129 994 capti
1167 928 1354 999 [regi]b
1394 927 1628 980 danturh.

255 1009 306 1058 A
339 1009 528 1076 quibus
556 1017 848 1059 castrenses
888 1011 1030 1078 capti
1057 1017 1107 1061 et
1132 1012 1260 1062 Victi
1277 1022 1310 1077 ⁰,
1349 1030 1476 1062 mox
1501 1014 1615 1081 regi
1642 1012 1802 1065 oblati
1829 1026 1966 1066 sunt.

116 1076 219 1127 Pro
271 1077 462 1145 quibus
515 1078 725 1128 coramd
775 1096 898 1146 rege
953 1078 1020 1129 ab
1068 1081 1249 1130 amicis
1298 1081 1531 1133 oratione
1580 1083 1778 1148 habita,
1827 1083 1966 1135 facta

114 1146 228 1214 regi
253 1145 356 1197 fide
384 1147 587 1197 dimissi
614 1153 748 1213 sunt,
782 1165 903 1197 cum
928 1165 1034 1198 non
1058 1157 1259 1200 tantum
1291 1150 1400 1200 reie
1426 1153 1743 1202 maiestatise
1770 1154 1963 1220 regiae,

117 1215 406 1283 quantumf
448 1216 531 1266 sui
575 1215 774 1266 domini
818 1214 998 1267 fideles
1049 1217 1259 1268 dicendi
1305 1227 1492 1269 essent.
1573 1219 1661 1270 Ad
1706 1220 1762 1271 id
1808 1223 1964 1272 etiam

113 1302 217 1335 non
255 1283 508 1352 perfidiae
555 1285 699 1351 Vitio,
749 1285 843 1336 sed
889 1284 1055 1336 multa
1100 1287 1291 1338 virtute
1337 1287 1594 1339 adductos
1645 1289 1963 1341 asserebant.

113 1352 213 1403 His
279 1371 402 1422 ergo
452 1352 696 1405 obsidum
742 1355 855 1405 iure
911 1354 1155 1421 dimissis,
1213 1363 1263 1407 et
1326 1365 1494 1408 castro
1542 1358 1753 1410 domino
1799 1361 1964 1428 priori

111 1421 333 1488 reddito,
371 1422 623 1491 proditor,
664 1425 812 1474 cuius
852 1423 970 1475 dolo
1009 1423 1312 1476 huiusmodi
1348 1426 1692 1478 infortunium
1726 1430 1962 1493 accessit,

112 1509 241 1542 mox
279 1490 716 1560 comprehensus,
769 1493 1054 1561 suspendio
1102 1512 1249 1545 secus
1300 1496 1456 1547 castri
1502 1505 1710 1564 portam
1757 1496 1962 1549 defecit.

111 1559 224 1611 Nec
279 1561 453 1611 minus
509 1561 619 1611 eius
673 1579 829 1627 uxor,
894 1564 1141 1614 inusitato
1196 1562 1411 1614 ludibrii
1476 1583 1668 1633 genere
1734 1566 1961 1635 pedibus

114 1647 384 1698 suspensa,
423 1631 629 1681 exuviis
668 1631 1079 1700 circumquaque
1130 1632 1480 1685 defluentibus
1527 1635 1745 1700 nudata,
1797 1638 1963 1687 atroci

111 1698 215 1749 fine
250 1698 402 1749 iuxta
437 1699 611 1750 Virum
654 1700 863 1751 interiit.
949 1699 1082 1751 Cum
1127 1701 1258 1753 haec
1304 1703 1618 1771 agebantur,
1670 1703 1789 1756 Odo
1841 1722 1960 1756 cum

112 1769 347 1820 exercitu
371 1767 513 1818 haud
538 1768 721 1836 procul
744 1770 821 1819 rei
847 1779 1090 1821 eventum
1119 1772 1515 1840 opperiebatur3
1554 1780 1697 1824 ratus
1731 1781 1960 1825 castrum

109 1855 141 1887 a
178 1838 286 1888 suis
323 1855 481 1906 posse
519 1845 700 1889 contra
736 1837 911 1889 hostes
949 1837 1181 1906 defendi,
1231 1840 1448 1891 insidias
1494 1842 1822 1910 piratarum&
1871 1843 1960 1893 ali-

111 1908 415 1975 quantisper
453 1915 723 1974 suspectas
759 1906 976 1961 habens.
1049 1908 1194 1959 Dum
1244 1928 1368 1978 ergo
1418 1910 1604 1961 herens
1655 1911 1719 1963 de
1767 1920 1961 1963 eventu

108 1983 331 2041 nutaret,
369 1975 563 2026 affuere
599 1976 784 2039 nuntii,
824 1977 913 2045 qui
951 1986 1180 2028 castrum
1219 1988 1434 2046 captum
1469 1998 1696 2049 suosque
1723 1999 1959 2050 compre-

107 2044 297 2095 hensos
335 2052 387 2095 et
422 2045 646 2095 inermes
682 2044 847 2096 factos
885 2056 1191 2098 assererent.
1267 2049 1385 2113 Quo
1424 2048 1619 2108 audito,
1664 2051 1957 2101 exercitum

107 2131 215 2163 non
269 2131 439 2182 aequo
495 2114 669 2164 animo
725 2114 793 2164 ad
847 2132 942 2165 sua
996 2115 1230 2167 dimovit.
1322 2117 1424 2169 Cui
1480 2135 1599 2168 cum
1649 2137 1680 2169 a
1726 2119 1956 2187 querulis

108 2182 422 2251 quibusdam
474 2182 854 2248 intenderetur,
914 2192 1130 2252 propter
1191 2204 1311 2236 eum
1364 2187 1536 2238 virum
1592 2188 1957 2239 consularemh

106 2251 391 2320 suspendio
446 2252 710 2315 interisse,
768 2251 886 2303 Odo
936 2253 1273 2322 respondisse
1321 2255 1506 2321 fertur,
1565 2275 1677 2308 sese
1726 2257 1952 2325 amplius

103 2318 273 2371 lesum
309 2338 523 2372 suorum
560 2321 1025 2389 comprehensione
1063 2341 1222 2391 quam
1259 2323 1541 2392 proditoris
1581 2326 1882 2393 suspendio.

314 2465 395 2515 79.
467 2464 625 2514 Rixai
665 2463 866 2516 Odonis
905 2473 957 2516 et
990 2464 1267 2517 Fulconisi
1307 2466 1372 2518 de
1408 2467 1739 2519 Brittanniai.

241 2547 354 2598 Nec
399 2546 561 2598 multo
613 2549 766 2616 postk
811 2547 948 2599 bella
997 2548 1170 2600 civilia
1216 2560 1459 2618 reparata.
1512 2560 1646 2602 sunt.
1736 2552 1950 2603 Etenim

101 2614 364 2682 Fulcol·1,
404 2617 494 2685 qui
530 2635 715 2684 regum
750 2616 990 2684 partibus
1027 2617 1262 2683 favebat,
1303 2621 1592 2671 exercitum
1623 2622 1678 2671 in
1705 2621 1949 2672 Odonem

101 2685 340 2754 parabat,
391 2686 724 2754 quaesiturus
771 2686 838 2736 ab
883 2704 943 2737 eo
990 2687 1315 2740 Brittanniae
1364 2697 1584 2757 partem,
1638 2708 1797 2758 quam
1841 2709 1949 2742 non

100 2753 263 2805 multo
302 2762 421 2805 ante
470 2756 518 2806 ei
533 2765 565 2787 ¹¹¹
613 2754 915 2805 abstulerat.
997 2755 1221 2824 Collegit
1262 2758 1438 2826 itaque
1486 2759 1647 2824 4000,
1705 2760 1794 2828 qui
1842 2778 1949 2811 non

102 2825 396 2874 comminus
433 2823 792 2891 confligerent,
830 2842 889 2875 eo
929 2824 1072 2892 quod
1109 2843 1289 2876 eorum
1326 2828 1464 2877 vires
1493 2826 1728 2879 Odonis¹¹
1766 2838 1948 2897 poten-

98 2892 239 2943 tiae¹¹
275 2910 383 2943 non
419 2893 731 2953 sufficerent,
770 2893 863 2943 sed
912 2894 1058 2943 eius⁰
1104 2904 1296 2946 terram
1341 2895 1598 2947 incendiis
1649 2905 1700 2948 et
1743 2899 1944 2966 rapinis

99 2961 382 3013 afficerent.
455 2962 526 3012 Et
561 2961 779 3013 tandiuP
817 2961 873 3011 id
897 2961 1198 3014 faciendum
1225 2964 1591 3031 arbitrabatur,
1631 2965 1798 3017 donec
1826 2967 1944 3019 Odo

99 3038 191 3081 aut
245 3030 386 3082 tedio
441 3032 609 3081 victus
663 3030 906 3082 redderet
956 3039 1046 3081 aut
1088 3049 1185 3100 pro
1233 3052 1295 3084 ea
1347 3033 1503 3085 aliam
1551 3052 1658 3085 non
1706 3037 1945 3105 inparem

101 3098 402 3151 conferretq.
473 3101 702 3168 Preceps
738 3100 915 3167 itaque
951 3099 1114 3151 fertur
1156 3109 1452 3172 terramque
1496 3103 1674 3172 predis
1686 3114 1725 3170 ¹¹,
1764 3122 1944 3155 manu-

193 3260 231 3303 a)
259 3263 301 3295 in
325 3264 447 3303 primo
477 3264 509 3294 1.
614 3259 654 3302 b)
682 3269 802 3301 enseS,
831 3262 844 3292 i
870 3261 1016 3304 1·egi(‘?)‚
1044 3265 1130 3294 ntur
1156 3263 1246 3295 absc.
1375 3264 1409 3306 c)
1436 3267 1555 3298 vincti
1589 3267 1766 3307 legendum
1795 3268 1941 3301 videtur.

97 3308 136 3351 d)
162 3312 273 3356 gp-a.
303 3321 333 3344 e.
361 3321 390 3344 r.
420 3314 453 3345 1.
553 3309 587 3350 e)
617 3311 837 3348 magestatis
864 3312 968 3357 regie
995 3312 1050 3343 rei
1079 3314 1111 3343 1.
1212 3311 1241 3353 f)
1269 3322 1285 3344 e
1311 3323 1404 3347 corr.
1505 3314 1543 3354 g)
1571 3316 1596 3348 i.
1624 3319 1770 3347 tantum
1795 3325 1832 3355 p.
1863 3325 1891 3348 S.
1910 3318 1944 3349 1.

97 3357 136 3399 h)
162 3358 226 3390 VC
253 3369 279 3390 c.
386 3358 415 3400 i)
446 3369 480 3400 a,
505 3357 727 3401 F(ulconis)‚
754 3362 820 3389 tan
845 3359 937 3392 absc.
1047 3357 1087 3399 k)
1114 3363 1200 3399 post
1226 3364 1262 3392 et
1290 3363 1321 3395 1.
1447 3361 1476 3403 1)
1504 3364 1545 3394 P.
1573 3373 1600 3396 c.
1729 3363 1780 3406 m)
1809 3364 1881 3395 sibi
1910 3367 1942 3396 1.

98 3404 138 3447 n)
160 3411 244 3446 post
269 3408 350 3440 add.
451 3407 486 3449 ο)
516 3407 560 3441 Ο.
590 3409 622 3440 1.
722 3406 761 3447 p)
790 3407 860 3438 hoc
886 3411 910 3440 t.
940 3409 971 3440 1.
1072 3406 1109 3447 q)
1138 3409 1314 3442 redderet
1342 3412 1371 3442 1.

221 3513 268 3568 1)
303 3516 461 3558 Comes
494 3516 846 3569 Andegavensis.
