2240 3879
496 228 747 268 RICHERI
780 225 1191 269 HISTORIARUM
1224 225 1406 265 LIBER
1437 225 1548 266 IIII.
1856 227 1936 265 131

102 387 163 421 eo
213 366 355 436 quod
401 366 514 434 ipse
564 366 859 416 divinarum
906 372 956 415 et
1002 364 1346 413 humanarum
1382 380 1556 412 rerum
1596 364 1813 414 scientia
1849 379 2037 414 etz-987.

101 435 309 489 celleret
346 441 500 503 atque
526 434 799 485 facundiae
825 433 1131 484 efficacitate
1167 429 1452 499 plurimum
1477 430 1687 483 valeret.
1743 433 1939 483 Factus

100 508 277 574 itaque
312 522 429 554 cum
465 503 599 555 duce
635 504 866 553 omnium
902 500 1124 564 medius,
1162 500 1256 550 ait:
1295 499 1453 567 ‘Rege
1489 510 1666 551 nostro
1702 502 1938 569 piissimo

100 577 235 626 inter
260 572 635 624 intellectibilia
660 571 923 634 translatO,
949 570 1128 637 magni
1154 568 1300 619 ducis
1328 578 1724 638 ceterorumque
1750 571 1939 638 princi-

100 662 228 713 pum
252 641 603 694 benivolentia
628 640 693 692 ab
722 641 938 693 obiectis
964 645 1231 707 purgatus,
1258 639 1333 688 rei
1351 636 1590 705 publicae
1611 638 1938 689 consulturus

102 712 327 764 consedi.
384 711 494 762 Nec
530 710 675 762 sedet
705 711 896 773 animo,
934 716 992 758 ut
1025 708 1303 775 quicquam
1329 707 1428 757 nisi
1453 707 1520 758 ad
1545 707 1839 776 profectum
1864 709 1938 760 rei

101 781 345 852 publicae
384 780 603 831 edicam.
657 778 947 830 Commune
985 775 1259 827 consilium
1295 794 1505 845 quaero,
1545 778 1669 845 quia
1699 778 1938 828 omnibus

102 850 351 920 prodesse
373 850 544 918 cupio.
574 848 708 900 Cum
727 847 952 911 videam,
973 864 1078 896 non
1099 863 1277 896 omnes
1297 847 1561 914 principes
1588 847 1785 911 adesse,
1814 864 1937 915 quo-

101 939 219 971 rum
246 938 453 988 quoque
477 917 755 986 prudentia
779 923 830 967 et
854 914 1125 984 diligentia
1148 933 1230 965 res
1255 916 1403 984 regni
1428 915 1778 967 administrari
1803 915 1939 967 vale-

103 998 207 1055 ant,
235 990 365 1041 ratio
393 986 645 1057 querendi
668 986 822 1053 regis,
848 991 905 1036 ut
930 984 1057 1035 mihi
1082 983 1302 1050 videtur,
1330 985 1397 1035 ad
1422 992 1626 1053 tempus
1654 984 1939 1036 differenda

105 1066 196 1124 est,
237 1067 294 1109 ut
330 1064 519 1108 statuto
556 1064 789 1124 tempore
816 1061 867 1105 et
892 1054 1152 1104 omnesin
1183 1072 1346 1103 unum
1374 1053 1650 1120 confluant,
1691 1064 1740 1105 et
1765 1055 1939 1105 unius-

105 1130 356 1196 cuiusque
393 1126 525 1176 ratio
564 1125 772 1176 elimata
810 1133 860 1176 et
896 1124 950 1172 in
986 1123 1220 1174 medium
1258 1122 1459 1192 prolata
1495 1141 1642 1173 suam
1666 1123 1940 1174 utilitatem

104 1195 485 1248 accommodet.
558 1193 714 1246 Unde
754 1201 804 1244 et
839 1193 989 1244 vobis
1029 1193 1118 1261 qui
1154 1192 1239 1242 hic
1280 1191 1566 1242 consulturi
1602 1193 1795 1244 adestis
1833 1191 1938 1260 pla-

106 1273 233 1331 ceat,
272 1283 365 1316 vos
403 1281 611 1315 mecum
647 1281 841 1331 magno
880 1262 1001 1313 duci
1040 1270 1365 1314 sacramento
1410 1260 1627 1329 alligari,
1675 1271 1726 1313 et
1763 1279 1940 1312 coram

106 1334 379 1405 spondere,
428 1333 492 1384 de
539 1334 777 1402 principe
824 1330 1100 1383 statuendo
1146 1349 1239 1381 vos
1277 1330 1406 1381 nihil
1453 1332 1762 1399 quesituros,
1814 1330 1940 1381 nihil

103 1405 391 1468 molituros,
430 1403 594 1454 donec
629 1404 684 1453 in
720 1420 883 1452 unum
919 1401 1210 1465 redeamus,
1249 1412 1300 1452 et
1337 1400 1411 1450 sic
1437 1400 1500 1450 de
1535 1399 1777 1452 habendo
1802 1401 1940 1469 prin-

107 1475 222 1542 cipe
259 1473 531 1541 agitemus.
603 1471 895 1523 Plurimum
933 1471 1071 1522 enim
1096 1468 1250 1535 valet,
1288 1469 1648 1522 deliberationi
1675 1469 1788 1520 dari
1826 1488 1939 1537 spa-

105 1544 236 1595 tium
282 1542 557 1611 temporis3
608 1542 662 1592 in
712 1559 814 1610 quo
853 1558 1238 1609 quamcumque
1274 1558 1385 1590 rem
1424 1540 1642 1608 quisque
1681 1539 1940 1601 discutiat,

107 1620 157 1664 et
196 1612 484 1663 discussam
517 1610 682 1662 multa
707 1609 976 1678 diligentia
1001 1607 1194 1678 poliat'.
1265 1608 1414 1659 Haec
1452 1609 1706 1660 sententia
1743 1608 1808 1660 ab
1836 1626 1940 1659 om-

105 1681 261 1733 nibus
300 1688 545 1747 suscepta
580 1679 836 1731 laudatur.
912 1678 1248 1730 Sacramento
1287 1678 1463 1746 itaque
1491 1677 1610 1728 duci
1647 1677 1939 1746 alligantur.

106 1751 339 1818 Tempus
388 1749 641 1800 redeundi
691 1757 741 1801 et
796 1747 1143 1799 conveniendi
1185 1748 1530 1800 constituitur.
1606 1746 1693 1798 Sic
1731 1765 1939 1816 quoque

105 1838 136 1870 a
174 1838 228 1871 se
267 1819 419 1870 soluti
459 1826 592 1869 sunt.

195 1919 242 1969 9.
318 1918 637 1987 Conquestio
675 1916 858 1968 Karoli
894 1917 1038 1986 apud
1074 1915 1533 1984 metropolitanum
1574 1916 1637 1966 de
1673 1934 1852 1983 regno.

245 2002 448 2054 Interea
493 2000 747 2067 Karolus,
803 2001 893 2070 qui
940 2000 1108 2051 fuerat
1162 2000 1398 2050 Lotharii
1445 2000 1627 2065 frater,
1683 1999 1939 2050 Ludovici

105 2080 346 2140 patruus,
407 2072 584 2123 Remis
641 2069 1100 2139 metropolitanum
1152 2070 1281 2120 adiit
1335 2076 1490 2138 atque
1540 2071 1614 2119 sic
1663 2068 1728 2120 de
1775 2087 1938 2137 regno

105 2159 226 2192 eum
264 2142 530 2191 convenit:
592 2138 870 2191 ‘Omnibus
906 2146 1090 2191 notum
1128 2148 1220 2205 est,
1257 2146 1406 2208 pater
1442 2138 1753 2203 venerande,
1794 2139 1938 2190 *iure

103 2209 418 2261 hereditario
456 2210 645 2262 debere
682 2209 829 2260 fratri
864 2219 914 2261 et
939 2209 1117 2278 nepoti
1141 2226 1224 2259 me
1251 2208 1544 2260 succedere.
1616 2208 1765 2258 Licet
1802 2209 1939 2258 enim

104 2297 135 2329 a
170 2279 327 2330 fratre
365 2279 429 2331 de
464 2297 628 2347 regno
665 2279 846 2347 pulsus
886 2279 999 2344 sim,
1036 2286 1212 2328 tamen
1237 2285 1423 2328 natura
1447 2275 1574 2328 nihil
1602 2277 1938 2329 humanitatis

1959 2156 1969 2166 ‘
1984 2168 2020 2198 p.
2049 2158 2128 2191 633.

104 2349 232 2398 mihi
269 2349 564 2417 derogavit3
604 2366 722 2398 cum
749 2347 989 2399 omnibus
1015 2347 1295 2398 membrisa
1331 2353 1484 2397 natus
1519 2365 1648 2411 sum,
1690 2347 1802 2396 sine
1830 2348 1937 2414 qui·
1984 2354 1991 2360 ’

104 2417 203 2468 bus
252 2419 422 2487 quivls
474 2417 541 2468 ad
591 2417 898 2486 dignitatem
937 2416 1222 2486 quamlibet
1257 2416 1553 2484 promoveri
1600 2433 1704 2465 non
1754 2416 1935 2483 potuit.

104 2486 202 2538 His
252 2487 407 2538 etiam
444 2505 549 2537 non
587 2504 755 2552 careo,
808 2504 940 2554 quae
985 2487 1040 2535 in
1083 2486 1376 2552 regnaturis
1415 2484 1734 2554 quibuslibet
1778 2483 1936 2552 pluri-

105 2575 248 2607 mum
294 2556 441 2625 queri
491 2554 670 2620 solent,
718 2573 910 2622 genere
949 2562 999 2606 et
1033 2562 1091 2605 ut
1126 2553 1346 2604 audeam
1384 2556 1591 2604 virtute.
1666 2553 1774 2605 Cur
1811 2571 1934 2622 ergo

53 2623 55 2625 ¹
104 2644 135 2676 a
169 2625 360 2676 finibus
397 2626 590 2677 eiectus
627 2634 757 2689 sum,
797 2642 928 2693 quos
964 2642 995 2674 a
1019 2621 1304 2674 maioribus
1330 2623 1460 2674 meis
1484 2641 1756 2691 possessos
1782 2640 1935 2673 nemo

105 2695 326 2758 dubitat,
369 2711 486 2744 cum
521 2693 680 2745 frater
714 2711 819 2744 non
857 2695 922 2744 sit
957 2710 1226 2762 neposque
1265 2692 1451 2743 obierit
1485 2691 1788 2761 prolemque
1825 2691 1936 2742 11111-

103 2763 209 2814 lam
244 2762 585 2833 reliquerint?
656 2764 839 2814 Paterl
877 2780 971 2813 nos
998 2761 1128 2813 duos
1158 2761 1344 2813 fratres
1372 2762 1675 2830 superstites
1710 2760 1935 2829 reliquit.

104 2833 289 2885 Frater
335 2851 618 2902 regnorum
666 2832 954 2883 dominium
1010 2838 1178 2882 totum
1226 2830 1461 2898 possedit
1521 2829 1752 2899 nihilque
1809 2830 1937 2880 mihi

107 2903 377 2955 concessit.
450 2902 565 2970 Ego
602 2901 750 2953 fratri
787 2900 1043 2966 subditus,
1085 2898 1307 2952 fideliter
1342 2917 1447 2950 non
1484 2901 1655 2950 minus
1693 2899 1807 2950 aliis
1844 2901 1936 2949 mi-

103 2970 264 3023 litavi.
336 2972 387 3022 A
425 2989 529 3040 quo
567 2978 817 3039 tempore,
853 2970 1032 3035 fateor,
1068 2968 1195 3020 nihil
1231 2970 1358 3020 mihi
1395 2970 1563 3020 carius
1587 2969 1747 3021 fuisse
1773 2967 1935 3020 salute

104 3040 292 3093 fratris.
365 3040 618 3092 Abiectus
657 3057 778 3108 ergo
819 3046 869 3091 et
904 3038 1087 3091 infelix
1113 3057 1216 3107 quo
1252 3057 1335 3089 me
1361 3040 1537 3107 potius
1562 3045 1776 3104 vertam,
1815 3056 1935 3088 cum

105 3110 295 3162 etiamb
353 3111 527 3161 omnia
580 3110 786 3178 generis
841 3109 945 3160 mei
997 3108 1227 3177 presidia
1280 3109 1512 3159 extincta
1557 3108 1698 3158 sint?
1787 3106 1936 3170 Quos

50 3181 53 3183 ’
108 3188 284 3248 preter
308 3197 402 3231 vos
441 3179 675 3230 omnium
711 3178 1047 3229 honestarum
1071 3195 1247 3228 rerum
1285 3195 1444 3245 egens
1482 3175 1779 3245 appellem?
1837 3175 1940 3225 Per

202 3335 238 3377 a)
266 3336 359 3369 Cum
384 3337 442 3368 his
469 3346 505 3369 n.
536 3338 566 3368 1.
667 3335 704 3377 b)
728 3340 807 3375 post
832 3335 912 3366 add.

229 3443 273 3498 1)
306 3445 438 3486 Pater
472 3467 528 3474 —-
562 3444 733 3497 reliquit
767 3443 945 3486 Sallusti
967 3443 1101 3484 verba
1134 3447 1246 3494 sunt,
1278 3442 1376 3496 Iug.
1407 3455 1443 3482 e.
1471 3442 1539 3491 14,
1575 3453 1704 3494 quem
1725 3440 1937 3481 Rieherus

105 3505 309 3546 imitatur.

1490 3571 1553 3621 9.
