<?xml version="1.0" encoding="UTF-8"?>
<!DOCTYPE html PUBLIC "-//W3C//DTD XHTML 1.0 Transitional//EN"
    "http://www.w3.org/TR/xhtml1/DTD/xhtml1-transitional.dtd">
<html xmlns="http://www.w3.org/1999/xhtml" xml:lang="en" lang="en">
 <head>
  <title>
</title>
<meta http-equiv="Content-Type" content="text/html;charset=utf-8" />
  <meta name='ocr-system' content='tesseract 3.04.00' />
  <meta name='ocr-capabilities' content='ocr_page ocr_carea ocr_par ocr_line ocrx_word'/>
</head>
<body>
  <div class='ocr_page' id='page_1' title='image "./historiarumlibri00richuoft_0148.png"; bbox 0 0 2240 3879; ppageno 0'>
   <div class='ocr_carea' id='block_1_1' title="bbox 166 382 246 413">
    <p class='ocr_par' dir='ltr' id='par_1_1' title="bbox 166 382 246 413">
     <span class='ocr_line' id='line_1_1' title="bbox 166 382 246 413; baseline -0.013 0"><span class='ocrx_word' id='word_1_1' title='bbox 166 382 246 413; x_wconf 81' lang='lat'>987.</span> 
     </span>
    </p>
   </div>
   <div class='ocr_carea' id='block_1_2' title="bbox 66 597 254 629">
    <p class='ocr_par' dir='ltr' id='par_1_2' title="bbox 66 597 254 629">
     <span class='ocr_line' id='line_1_2' title="bbox 66 597 254 629; baseline -0.011 0"><span class='ocrx_word' id='word_1_2' title='bbox 66 598 157 629; x_wconf 82' lang='lat' dir='ltr'>Mai.</span> <span class='ocrx_word' id='word_1_3' title='bbox 187 597 229 627; x_wconf 79' lang='lat'>22</span> <span class='ocrx_word' id='word_1_4' title='bbox 247 620 254 627; x_wconf 95' lang='lat'>.</span> 
     </span>
    </p>
   </div>
   <div class='ocr_carea' id='block_1_3' title="bbox 81 1074 256 1109">
    <p class='ocr_par' dir='ltr' id='par_1_3' title="bbox 81 1074 256 1109">
     <span class='ocr_line' id='line_1_3' title="bbox 81 1074 256 1109; baseline 0 0"><span class='ocrx_word' id='word_1_5' title='bbox 81 1074 168 1109; x_wconf 71' lang='grc' dir='ltr'>ὝΟΙ.</span> <span class='ocrx_word' id='word_1_6' title='bbox 196 1077 256 1109; x_wconf 79' lang='grc'>43.</span> 
     </span>
    </p>
   </div>
   <div class='ocr_carea' id='block_1_4' title="bbox 272 220 1718 262">
    <p class='ocr_par' dir='ltr' id='par_1_4' title="bbox 272 220 1718 262">
     <span class='ocr_line' id='line_1_4' title="bbox 272 220 1718 262; baseline -0.001 0"><span class='ocrx_word' id='word_1_7' title='bbox 272 224 355 262; x_wconf 84' lang='grc'>130</span> <span class='ocrx_word' id='word_1_8' title='bbox 661 221 916 261; x_wconf 81' lang='lat' dir='ltr'><strong>RICHERI</strong></span> <span class='ocrx_word' id='word_1_9' title='bbox 946 220 1363 262; x_wconf 78' lang='lat' dir='ltr'><strong>HISTORIARUM</strong></span> <span class='ocrx_word' id='word_1_10' title='bbox 1395 221 1577 262; x_wconf 85' lang='lat' dir='ltr'>LIBER</span> <span class='ocrx_word' id='word_1_11' title='bbox 1608 221 1718 260; x_wconf 87' lang='lat'>1111.</span> 
     </span>
    </p>
   </div>
   <div class='ocr_carea' id='block_1_5' title="bbox 270 357 2123 1543">
    <p class='ocr_par' dir='ltr' id='par_1_5' title="bbox 270 357 2123 1543">
     <span class='ocr_line' id='line_1_5' title="bbox 271 357 2119 430; baseline -0.001 -18"><span class='ocrx_word' id='word_1_12' title='bbox 271 362 486 430; x_wconf 85' lang='lat' dir='ltr'>sanguis</span> <span class='ocrx_word' id='word_1_13' title='bbox 533 361 588 410; x_wconf 91' lang='lat' dir='ltr'>in</span> <span class='ocrx_word' id='word_1_14' title='bbox 633 359 1009 412; x_wconf 86' lang='lat' dir='ltr'>emathoicam¹</span> <span class='ocrx_word' id='word_1_15' title='bbox 1061 358 1390 410; x_wconf 78' lang='lat' dir='ltr'>redundavit.</span> <span class='ocrx_word' id='word_1_16' title='bbox 1474 357 1573 410; x_wconf 83' lang='lat' dir='ltr'>Cui</span> <span class='ocrx_word' id='word_1_17' title='bbox 1615 359 1830 427; x_wconf 87' lang='lat' dir='ltr'>sanguis</span> <span class='ocrx_word' id='word_1_18' title='bbox 1870 359 2119 428; x_wconf 83' lang='lat' dir='ltr'>copiosus</span> 
     </span>
     <span class='ocr_line' id='line_1_6' title="bbox 270 426 2118 501; baseline -0.002 -18"><span class='ocrx_word' id='word_1_19' title='bbox 270 450 364 501; x_wconf 86' lang='lat' dir='ltr'>per</span> <span class='ocrx_word' id='word_1_20' title='bbox 399 449 551 481; x_wconf 89' lang='lat' dir='ltr'>nares</span> <span class='ocrx_word' id='word_1_21' title='bbox 606 439 656 482; x_wconf 89' lang='lat' dir='ltr'>et</span> <span class='ocrx_word' id='word_1_22' title='bbox 703 429 882 496; x_wconf 90' lang='lat' dir='ltr'>gulam</span> <span class='ocrx_word' id='word_1_23' title='bbox 920 427 1206 480; x_wconf 88' lang='lat' dir='ltr'>diffluebat.</span> <span class='ocrx_word' id='word_1_24' title='bbox 1279 426 1543 479; x_wconf 83' lang='lat' dir='ltr'>Mamillae</span> <span class='ocrx_word' id='word_1_25' title='bbox 1582 427 1849 481; x_wconf 89' lang='lat' dir='ltr'>doloribus</span> <span class='ocrx_word' id='word_1_26' title='bbox 1887 427 2118 480; x_wconf 84' lang='lat' dir='ltr'>assiduis</span> 
     </span>
     <span class='ocr_line' id='line_1_7' title="bbox 271 497 2120 570; baseline -0.002 -19"><span class='ocrx_word' id='word_1_27' title='bbox 271 499 632 570; x_wconf 81' lang='lat' dir='ltr'>pulsabantur.</span> <span class='ocrx_word' id='word_1_28' title='bbox 706 500 908 550; x_wconf 86' lang='lat' dir='ltr'>Fervor</span> <span class='ocrx_word' id='word_1_29' title='bbox 942 499 1103 549; x_wconf 89' lang='lat' dir='ltr'>totius</span> <span class='ocrx_word' id='word_1_30' title='bbox 1143 499 1376 567; x_wconf 88' lang='lat' dir='ltr'>corporis</span> <span class='ocrx_word' id='word_1_31' title='bbox 1402 497 1742 549; x_wconf 86' lang='lat' dir='ltr'>intolerabilis</span> <span class='ocrx_word' id='word_1_32' title='bbox 1778 516 1885 548; x_wconf 93' lang='lat' dir='ltr'>non</span> <span class='ocrx_word' id='word_1_33' title='bbox 1922 497 2120 549; x_wconf 80' lang='lat' dir='ltr'>deerat.</span> 
     </span>
     <span class='ocr_line' id='line_1_8' title="bbox 273 566 2116 636; baseline -0.003 -13"><span class='ocrx_word' id='word_1_34' title='bbox 273 570 428 623; x_wconf 89' lang='lat' dir='ltr'>Unde</span> <span class='ocrx_word' id='word_1_35' title='bbox 475 587 580 621; x_wconf 93' lang='lat' dir='ltr'>uno</span> <span class='ocrx_word' id='word_1_36' title='bbox 617 577 820 621; x_wconf 88' lang='lat' dir='ltr'>tantum</span> <span class='ocrx_word' id='word_1_37' title='bbox 869 586 1004 619; x_wconf 88' lang='lat' dir='ltr'>anno</span> <span class='ocrx_word' id='word_1_38' title='bbox 1043 568 1180 636; x_wconf 84' lang='lat' dir='ltr'>patri</span> <span class='ocrx_word' id='word_1_39' title='bbox 1232 575 1511 635; x_wconf 84' lang='lat' dir='ltr'>superstes,</span> <span class='ocrx_word' id='word_1_40' title='bbox 1565 569 1645 618; x_wconf 87' lang='lat'>11.</span> <span class='ocrx_word' id='word_1_41' title='bbox 1682 567 1801 618; x_wconf 77' lang='lat' dir='ltr'>Kal.</span> <span class='ocrx_word' id='word_1_42' title='bbox 1838 568 1955 618; x_wconf 91' lang='lat' dir='ltr'>Iun.</span> <span class='ocrx_word' id='word_1_43' title='bbox 1993 566 2116 618; x_wconf 89' lang='lat' dir='ltr'>defi-</span> 
     </span>
     <span class='ocr_line' id='line_1_9' title="bbox 274 636 2119 705; baseline -0.002 -13"><span class='ocrx_word' id='word_1_44' title='bbox 274 641 425 705; x_wconf 89' lang='lat' dir='ltr'>tiens,</span> <span class='ocrx_word' id='word_1_45' title='bbox 471 648 687 691; x_wconf 89' lang='lat' dir='ltr'>naturae</span> <span class='ocrx_word' id='word_1_46' title='bbox 738 638 974 689; x_wconf 89' lang='lat' dir='ltr'>debitum</span> <span class='ocrx_word' id='word_1_47' title='bbox 1021 636 1189 689; x_wconf 85' lang='lat' dir='ltr'>solvit.</span> <span class='ocrx_word' id='word_1_48' title='bbox 1265 636 1431 689; x_wconf 84' lang='lat' dir='ltr'>Cuius</span> <span class='ocrx_word' id='word_1_49' title='bbox 1477 637 1738 688; x_wconf 80' lang='lat' dir='ltr'>discessus</span> <span class='ocrx_word' id='word_1_50' title='bbox 1784 654 1844 688; x_wconf 91' lang='lat' dir='ltr'>eo</span> <span class='ocrx_word' id='word_1_51' title='bbox 1882 646 2119 705; x_wconf 88' lang='lat' dir='ltr'>tempore</span> 
     </span>
     <span class='ocr_line' id='line_1_10' title="bbox 275 705 2120 778; baseline -0.003 -17"><span class='ocrx_word' id='word_1_52' title='bbox 275 710 478 775; x_wconf 89' lang='lat' dir='ltr'>accidit,</span> <span class='ocrx_word' id='word_1_53' title='bbox 525 727 628 778; x_wconf 90' lang='lat' dir='ltr'>quo</span> <span class='ocrx_word' id='word_1_54' title='bbox 680 716 729 759; x_wconf 92' lang='lat' dir='ltr'>et</span> <span class='ocrx_word' id='word_1_55' title='bbox 778 705 1168 776; x_wconf 89' lang='lat' dir='ltr'>metropolitani</span> <span class='ocrx_word' id='word_1_56' title='bbox 1215 707 1460 776; x_wconf 77' lang='lat' dir='ltr'>purgatio</span> <span class='ocrx_word' id='word_1_57' title='bbox 1506 706 1570 759; x_wconf 91' lang='lat' dir='ltr'>de</span> <span class='ocrx_word' id='word_1_58' title='bbox 1618 706 1837 758; x_wconf 87' lang='lat' dir='ltr'>obiectis</span> <span class='ocrx_word' id='word_1_59' title='bbox 1873 705 2120 757; x_wconf 90' lang='lat' dir='ltr'>habenda</span> 
     </span>
     <span class='ocr_line' id='line_1_11' title="bbox 275 775 2120 845; baseline -0.002 -16"><span class='ocrx_word' id='word_1_60' title='bbox 275 788 438 831; x_wconf 83' lang='lat' dir='ltr'>erat2.</span> <span class='ocrx_word' id='word_1_61' title='bbox 511 778 711 829; x_wconf 88' lang='lat' dir='ltr'>Aderat</span> <span class='ocrx_word' id='word_1_62' title='bbox 758 777 919 845; x_wconf 86' lang='lat' dir='ltr'>igitur</span> <span class='ocrx_word' id='word_1_63' title='bbox 954 777 1260 845; x_wconf 88' lang='lat' dir='ltr'>purgandus</span> <span class='ocrx_word' id='word_1_64' title='bbox 1300 784 1350 827; x_wconf 88' lang='lat' dir='ltr'>et</span> <span class='ocrx_word' id='word_1_65' title='bbox 1387 777 1564 845; x_wconf 81' lang='lat' dir='ltr'>regiae</span> <span class='ocrx_word' id='word_1_66' title='bbox 1590 777 1852 828; x_wconf 88' lang='lat' dir='ltr'>maiestati</span> <span class='ocrx_word' id='word_1_67' title='bbox 1889 775 2120 828; x_wconf 87' lang='lat' dir='ltr'>satisfac-</span> 
     </span>
     <span class='ocr_line' id='line_1_12' title="bbox 273 845 2120 915; baseline -0.003 -15"><span class='ocrx_word' id='word_1_68' title='bbox 273 858 434 900; x_wconf 84' lang='lat' dir='ltr'>turus.</span> <span class='ocrx_word' id='word_1_69' title='bbox 511 847 616 899; x_wconf 82' lang='lat' dir='ltr'>Sed</span> <span class='ocrx_word' id='word_1_70' title='bbox 652 848 785 915; x_wconf 89' lang='lat' dir='ltr'>regii</span> <span class='ocrx_word' id='word_1_71' title='bbox 820 846 1016 897; x_wconf 88' lang='lat' dir='ltr'>funeris</span> <span class='ocrx_word' id='word_1_72' title='bbox 1056 847 1352 898; x_wconf 79' lang='lat' dir='ltr'>calamitate</span> <span class='ocrx_word' id='word_1_73' title='bbox 1400 847 1499 897; x_wconf 90' lang='lat' dir='ltr'>hac</span> <span class='ocrx_word' id='word_1_74' title='bbox 1545 845 1634 898; x_wconf 91' lang='lat' dir='ltr'>lite</span> <span class='ocrx_word' id='word_1_75' title='bbox 1684 864 1983 915; x_wconf 89' lang='lat' dir='ltr'>suppressa,</span> <span class='ocrx_word' id='word_1_76' title='bbox 2020 863 2120 896; x_wconf 90' lang='lat' dir='ltr'>nec</span> 
     </span>
     <span class='ocr_line' id='line_1_13' title="bbox 275 914 2119 985; baseline -0.002 -16"><span class='ocrx_word' id='word_1_77' title='bbox 275 918 633 970; x_wconf 88' lang='lat' dir='ltr'>controversia</span> <span class='ocrx_word' id='word_1_78' title='bbox 667 924 842 985; x_wconf 90' lang='lat' dir='ltr'>partes</span> <span class='ocrx_word' id='word_1_79' title='bbox 880 915 1078 978; x_wconf 82' lang='lat' dir='ltr'>habuit,</span> <span class='ocrx_word' id='word_1_80' title='bbox 1117 934 1214 968; x_wconf 92' lang='lat' dir='ltr'>nec</span> <span class='ocrx_word' id='word_1_81' title='bbox 1251 935 1319 967; x_wconf 86' lang='lat' dir='ltr'>ex</span> <span class='ocrx_word' id='word_1_82' title='bbox 1357 936 1419 968; x_wconf 86' lang='lat' dir='ltr'>ea</span> <span class='ocrx_word' id='word_1_83' title='bbox 1456 916 1700 967; x_wconf 91' lang='lat' dir='ltr'>iuditium</span> <span class='ocrx_word' id='word_1_84' title='bbox 1725 914 2119 985; x_wconf 87' lang='lat' dir='ltr'>promulgatum</span> 
     </span>
     <span class='ocr_line' id='line_1_14' title="bbox 275 985 2122 1056; baseline -0.002 -17"><span class='ocrx_word' id='word_1_85' title='bbox 275 988 386 1039; x_wconf 85' lang='lat' dir='ltr'>fuit.</span> <span class='ocrx_word' id='word_1_86' title='bbox 459 986 695 1038; x_wconf 85' lang='lat' dir='ltr'>Plurima</span> <span class='ocrx_word' id='word_1_87' title='bbox 719 1005 845 1037; x_wconf 89' lang='lat' dir='ltr'>vero</span> <span class='ocrx_word' id='word_1_88' title='bbox 885 986 1340 1039; x_wconf 77' lang='lat' dir='ltr'>commiseratione</span> <span class='ocrx_word' id='word_1_89' title='bbox 1375 987 1488 1055; x_wconf 87' lang='lat' dir='ltr'>ipse</span> <span class='ocrx_word' id='word_1_90' title='bbox 1527 986 1810 1056; x_wconf 89' lang='lat' dir='ltr'>episcopus</span> <span class='ocrx_word' id='word_1_91' title='bbox 1848 985 1913 1036; x_wconf 88' lang='lat' dir='ltr'>de</span> <span class='ocrx_word' id='word_1_92' title='bbox 1951 990 2122 1036; x_wconf 86' lang='lat' dir='ltr'>morte</span> 
     </span>
     <span class='ocr_line' id='line_1_15' title="bbox 274 1055 2119 1127; baseline -0.003 -18"><span class='ocrx_word' id='word_1_93' title='bbox 274 1058 412 1127; x_wconf 89' lang='lat' dir='ltr'>regis</span> <span class='ocrx_word' id='word_1_94' title='bbox 451 1064 766 1127; x_wconf 83' lang='lat' dir='ltr'>conquestus</span> <span class='ocrx_word' id='word_1_95' title='bbox 804 1068 895 1108; x_wconf 87' lang='lat' dir='ltr'>est.</span> <span class='ocrx_word' id='word_1_96' title='bbox 953 1056 1304 1126; x_wconf 70' lang='lat' dir='ltr'>*Postquama</span> <span class='ocrx_word' id='word_1_97' title='bbox 1325 1067 1501 1108; x_wconf 88' lang='lat' dir='ltr'>autem</span> <span class='ocrx_word' id='word_1_98' title='bbox 1527 1056 1730 1124; x_wconf 91' lang='lat' dir='ltr'>regium</span> <span class='ocrx_word' id='word_1_99' title='bbox 1762 1055 1916 1106; x_wconf 83' lang='lat' dir='ltr'>funus</span> <span class='ocrx_word' id='word_1_100' title='bbox 1945 1071 2119 1105; x_wconf 90' lang='lat' dir='ltr'>curas-</span> 
     </span>
     <span class='ocr_line' id='line_1_16' title="bbox 277 1124 2120 1196; baseline -0.003 -17"><span class='ocrx_word' id='word_1_101' title='bbox 277 1137 405 1194; x_wconf 90' lang='lat' dir='ltr'>sent,</span> <span class='ocrx_word' id='word_1_102' title='bbox 443 1128 743 1196; x_wconf 83' lang='lat' dir='ltr'>principum</span> <span class='ocrx_word' id='word_1_103' title='bbox 782 1126 992 1178; x_wconf 86' lang='lat' dir='ltr'>decreto</span> <span class='ocrx_word' id='word_1_104' title='bbox 1034 1126 1350 1195; x_wconf 83' lang='lat' dir='ltr'>Compendii</span> <span class='ocrx_word' id='word_1_105' title='bbox 1384 1125 1672 1178; x_wconf 88' lang='lat' dir='ltr'>tumulatus</span> <span class='ocrx_word' id='word_1_106' title='bbox 1717 1133 1808 1191; x_wconf 90' lang='lat' dir='ltr'>cst,</span> <span class='ocrx_word' id='word_1_107' title='bbox 1849 1143 1971 1175; x_wconf 89' lang='lat' dir='ltr'>cum</span> <span class='ocrx_word' id='word_1_108' title='bbox 2006 1124 2120 1193; x_wconf 91' lang='lat' dir='ltr'>ipse</span> 
     </span>
     <span class='ocr_line' id='line_1_17' title="bbox 275 1193 2121 1265; baseline -0.003 -16"><span class='ocrx_word' id='word_1_109' title='bbox 275 1199 461 1250; x_wconf 84' lang='lat' dir='ltr'>vivens</span> <span class='ocrx_word' id='word_1_110' title='bbox 512 1215 662 1249; x_wconf 90' lang='lat' dir='ltr'>secus</span> <span class='ocrx_word' id='word_1_111' title='bbox 710 1205 913 1265; x_wconf 89' lang='lat' dir='ltr'>patrem</span> <span class='ocrx_word' id='word_1_112' title='bbox 960 1195 1211 1247; x_wconf 90' lang='lat' dir='ltr'>tumulari</span> <span class='ocrx_word' id='word_1_113' title='bbox 1254 1197 1476 1264; x_wconf 71' lang='lat' dir='ltr'>Petierit.</span> <span class='ocrx_word' id='word_1_114' title='bbox 1551 1195 1614 1247; x_wconf 85' lang='lat' dir='ltr'>Id</span> <span class='ocrx_word' id='word_1_115' title='bbox 1660 1204 1836 1247; x_wconf 88' lang='lat' dir='ltr'>autem</span> <span class='ocrx_word' id='word_1_116' title='bbox 1881 1193 2121 1246; x_wconf 80' lang='lat' dir='ltr'>consulto</span> 
     </span>
     <span class='ocr_line' id='line_1_18' title="bbox 276 1262 2121 1335; baseline -0.003 -17"><span class='ocrx_word' id='word_1_117' title='bbox 276 1268 473 1320; x_wconf 87' lang='lat' dir='ltr'>factum</span> <span class='ocrx_word' id='word_1_118' title='bbox 511 1275 602 1333; x_wconf 91' lang='lat' dir='ltr'>est,</span> <span class='ocrx_word' id='word_1_119' title='bbox 640 1284 721 1332; x_wconf 92' lang='lat' dir='ltr'>ne,</span> <span class='ocrx_word' id='word_1_120' title='bbox 761 1265 887 1316; x_wconf 90' lang='lat' dir='ltr'>dum</span> <span class='ocrx_word' id='word_1_121' title='bbox 911 1267 1109 1318; x_wconf 87' lang='lat' dir='ltr'>itineris</span> <span class='ocrx_word' id='word_1_122' title='bbox 1140 1265 1523 1335; x_wconf 81' lang='lat' dir='ltr'>longitudinem</span> <span class='ocrx_word' id='word_1_123' title='bbox 1551 1283 1732 1317; x_wconf 91' lang='lat' dir='ltr'>eorum</span> <span class='ocrx_word' id='word_1_124' title='bbox 1760 1283 1915 1334; x_wconf 90' lang='lat' dir='ltr'>quam</span> <span class='ocrx_word' id='word_1_125' title='bbox 1943 1262 2121 1332; x_wconf 86' lang='lat' dir='ltr'>plures</span> 
     </span>
     <span class='ocr_line' id='line_1_19' title="bbox 276 1333 2123 1405; baseline -0.003 -17"><span class='ocrx_word' id='word_1_126' title='bbox 276 1339 499 1389; x_wconf 75' lang='lat' dir='ltr'>vitarent</span> <span class='ocrx_word' id='word_1_127' title='bbox 545 1346 595 1389; x_wconf 92' lang='lat' dir='ltr'>et</span> <span class='ocrx_word' id='word_1_128' title='bbox 637 1354 667 1386; x_wconf 91' lang='lat' dir='ltr'>a</span> <span class='ocrx_word' id='word_1_129' title='bbox 713 1355 766 1387; x_wconf 91' lang='lat' dir='ltr'>se</span> <span class='ocrx_word' id='word_1_130' title='bbox 815 1336 971 1386; x_wconf 90' lang='lat' dir='ltr'>divisi</span> <span class='ocrx_word' id='word_1_131' title='bbox 1022 1335 1374 1401; x_wconf 79' lang='lat' dir='ltr'>discederent,</span> <span class='ocrx_word' id='word_1_132' title='bbox 1422 1337 1498 1388; x_wconf 91' lang='lat' dir='ltr'>rei</span> <span class='ocrx_word' id='word_1_133' title='bbox 1546 1334 1791 1405; x_wconf 90' lang='lat' dir='ltr'>publicae</span> <span class='ocrx_word' id='word_1_134' title='bbox 1839 1333 2123 1386; x_wconf 88' lang='lat' dir='ltr'>utillimum</span> 
     </span>
     <span class='ocr_line' id='line_1_20' title="bbox 277 1405 2122 1475; baseline -0.003 -16"><span class='ocrx_word' id='word_1_135' title='bbox 277 1407 570 1459; x_wconf 84' lang='lat' dir='ltr'>differretur</span> <span class='ocrx_word' id='word_1_136' title='bbox 620 1405 929 1457; x_wconf 88' lang='lat' dir='ltr'>consultum.</span> <span class='ocrx_word' id='word_1_137' title='bbox 1013 1405 1222 1458; x_wconf 84' lang='lat' dir='ltr'>Placuit</span> <span class='ocrx_word' id='word_1_138' title='bbox 1268 1408 1445 1475; x_wconf 89' lang='lat' dir='ltr'>itaque</span> <span class='ocrx_word' id='word_1_139' title='bbox 1491 1414 1610 1457; x_wconf 90' lang='lat' dir='ltr'>ante</span> <span class='ocrx_word' id='word_1_140' title='bbox 1661 1405 1953 1456; x_wconf 89' lang='lat' dir='ltr'>discessum</span> <span class='ocrx_word' id='word_1_141' title='bbox 2003 1421 2122 1454; x_wconf 93' lang='lat' dir='ltr'>con-</span> 
     </span>
     <span class='ocr_line' id='line_1_21' title="bbox 276 1475 1488 1543; baseline -0.002 -15"><span class='ocrx_word' id='word_1_142' title='bbox 276 1478 455 1528; x_wconf 90' lang='lat' dir='ltr'>venire</span> <span class='ocrx_word' id='word_1_143' title='bbox 494 1486 544 1528; x_wconf 91' lang='lat' dir='ltr'>et</span> <span class='ocrx_word' id='word_1_144' title='bbox 582 1495 649 1527; x_wconf 85' lang='lat' dir='ltr'>ex</span> <span class='ocrx_word' id='word_1_145' title='bbox 685 1477 835 1543; x_wconf 89' lang='lat' dir='ltr'>regni</span> <span class='ocrx_word' id='word_1_146' title='bbox 873 1476 1163 1526; x_wconf 89' lang='lat' dir='ltr'>commodis</span> <span class='ocrx_word' id='word_1_147' title='bbox 1203 1475 1488 1527; x_wconf 87' lang='lat' dir='ltr'>consulere.</span> 
     </span>
    </p>
   </div>
   <div class='ocr_carea' id='block_1_6' title="bbox 423 1574 1971 1644">
    <p class='ocr_par' dir='ltr' id='par_1_6' title="bbox 423 1574 1971 1644">
     <span class='ocr_line' id='line_1_22' title="bbox 423 1574 1971 1644; baseline -0.002 -17"><span class='ocrx_word' id='word_1_148' title='bbox 423 1579 469 1628; x_wconf 82' lang='grc'>6.</span> <span class='ocrx_word' id='word_1_149' title='bbox 542 1576 795 1644; x_wconf 85' lang='lat' dir='ltr'>Purgatio</span> <span class='ocrx_word' id='word_1_150' title='bbox 833 1574 1185 1626; x_wconf 87' lang='lat' dir='ltr'>Adalberonis</span> <span class='ocrx_word' id='word_1_151' title='bbox 1223 1575 1288 1625; x_wconf 92' lang='lat' dir='ltr'>de</span> <span class='ocrx_word' id='word_1_152' title='bbox 1328 1575 1544 1627; x_wconf 90' lang='lat' dir='ltr'>obiectis</span> <span class='ocrx_word' id='word_1_153' title='bbox 1582 1594 1612 1626; x_wconf 93' lang='lat' dir='ltr'>a</span> <span class='ocrx_word' id='word_1_154' title='bbox 1648 1575 1971 1627; x_wconf 76' lang='lat' dir='ltr'>Ludovicob.</span> 
     </span>
    </p>
   </div>
   <div class='ocr_carea' id='block_1_7' title="bbox 277 1657 2132 3196">
    <p class='ocr_par' dir='ltr' id='par_1_7' title="bbox 277 1657 2130 3056">
     <span class='ocr_line' id='line_1_23' title="bbox 418 1657 2124 1730; baseline -0.003 -18"><span class='ocrx_word' id='word_1_155' title='bbox 418 1660 625 1726; x_wconf 77' lang='lat' dir='ltr'>Quibus</span> <span class='ocrx_word' id='word_1_156' title='bbox 663 1660 947 1729; x_wconf 71' lang='lat' dir='ltr'>dispositis,</span> <span class='ocrx_word' id='word_1_157' title='bbox 997 1659 1107 1711; x_wconf 91' lang='lat' dir='ltr'>dux</span> <span class='ocrx_word' id='word_1_158' title='bbox 1145 1661 1219 1711; x_wconf 90' lang='lat' dir='ltr'>sic</span> <span class='ocrx_word' id='word_1_159' title='bbox 1257 1678 1405 1711; x_wconf 88' lang='lat' dir='ltr'>orsus</span> <span class='ocrx_word' id='word_1_160' title='bbox 1444 1662 1644 1730; x_wconf 86' lang='lat' dir='ltr'>coepit:</span> <span class='ocrx_word' id='word_1_161' title='bbox 1710 1659 1847 1711; x_wconf 73' lang='lat' dir='ltr'>‘Huc</span> <span class='ocrx_word' id='word_1_162' title='bbox 1891 1678 1958 1710; x_wconf 88' lang='lat' dir='ltr'>ex</span> <span class='ocrx_word' id='word_1_163' title='bbox 1994 1657 2124 1709; x_wconf 91' lang='lat' dir='ltr'>locis</span> 
     </span>
     <span class='ocr_line' id='line_1_24' title="bbox 279 1730 2123 1800; baseline -0.003 -17"><span class='ocrx_word' id='word_1_164' title='bbox 279 1732 501 1784; x_wconf 89' lang='lat' dir='ltr'>diversis</span> <span class='ocrx_word' id='word_1_165' title='bbox 538 1731 683 1799; x_wconf 86' lang='lat' dir='ltr'>regio</span> <span class='ocrx_word' id='word_1_166' title='bbox 719 1732 867 1781; x_wconf 89' lang='lat' dir='ltr'>iussu</span> <span class='ocrx_word' id='word_1_167' title='bbox 902 1731 1078 1782; x_wconf 88' lang='lat' dir='ltr'>vocati</span> <span class='ocrx_word' id='word_1_168' title='bbox 1115 1730 1183 1781; x_wconf 91' lang='lat' dir='ltr'>ad</span> <span class='ocrx_word' id='word_1_169' title='bbox 1222 1730 1611 1782; x_wconf 85' lang='lat' dir='ltr'>discutiendum</span> <span class='ocrx_word' id='word_1_170' title='bbox 1650 1749 1711 1782; x_wconf 91' lang='lat' dir='ltr'>ea</span> <span class='ocrx_word' id='word_1_171' title='bbox 1751 1748 1884 1800; x_wconf 88' lang='lat' dir='ltr'>quae</span> <span class='ocrx_word' id='word_1_172' title='bbox 1917 1745 2123 1779; x_wconf 90' lang='lat' dir='ltr'>summo</span> 
     </span>
     <span class='ocr_line' id='line_1_25' title="bbox 277 1799 2124 1872; baseline -0.002 -20"><span class='ocrx_word' id='word_1_173' title='bbox 277 1801 513 1872; x_wconf 89' lang='lat' dir='ltr'>pontifici</span> <span class='ocrx_word' id='word_1_174' title='bbox 550 1799 876 1851; x_wconf 86' lang='lat' dir='ltr'>Adalberoni</span> <span class='ocrx_word' id='word_1_175' title='bbox 915 1799 1120 1852; x_wconf 81' lang='lat' dir='ltr'>obiecta</span> <span class='ocrx_word' id='word_1_176' title='bbox 1168 1809 1303 1865; x_wconf 92' lang='lat' dir='ltr'>sunt,</span> <span class='ocrx_word' id='word_1_177' title='bbox 1354 1800 1517 1852; x_wconf 88' lang='lat' dir='ltr'>multa</span> <span class='ocrx_word' id='word_1_178' title='bbox 1552 1801 1673 1865; x_wconf 84' lang='lat' dir='ltr'>fide,</span> <span class='ocrx_word' id='word_1_179' title='bbox 1717 1807 1774 1850; x_wconf 95' lang='lat' dir='ltr'>ut</span> <span class='ocrx_word' id='word_1_180' title='bbox 1810 1807 1955 1869; x_wconf 86' lang='lat' dir='ltr'>puto,</span> <span class='ocrx_word' id='word_1_181' title='bbox 2004 1815 2124 1848; x_wconf 90' lang='lat' dir='ltr'>con-</span> 
     </span>
     <span class='ocr_line' id='line_1_26' title="bbox 277 1868 2124 1939; baseline -0.003 -17"><span class='ocrx_word' id='word_1_182' title='bbox 277 1872 508 1922; x_wconf 91' lang='lat' dir='ltr'>venistis.</span> <span class='ocrx_word' id='word_1_183' title='bbox 585 1869 690 1922; x_wconf 82' lang='lat' dir='ltr'>Sed</span> <span class='ocrx_word' id='word_1_184' title='bbox 727 1870 880 1921; x_wconf 91' lang='lat' dir='ltr'>divae</span> <span class='ocrx_word' id='word_1_185' title='bbox 918 1871 1232 1921; x_wconf 82' lang='lat' dir='ltr'>memoriaeC</span> <span class='ocrx_word' id='word_1_186' title='bbox 1269 1889 1366 1921; x_wconf 86' lang='lat' dir='ltr'>rex</span> <span class='ocrx_word' id='word_1_187' title='bbox 1394 1871 1484 1939; x_wconf 88' lang='lat' dir='ltr'>qui</span> <span class='ocrx_word' id='word_1_188' title='bbox 1510 1869 1832 1936; x_wconf 72' lang='lat' dir='ltr'>intendebat,</span> <span class='ocrx_word' id='word_1_189' title='bbox 1873 1868 2124 1937; x_wconf 91' lang='lat' dir='ltr'>quoniam</span> 
     </span>
     <span class='ocr_line' id='line_1_27' title="bbox 279 1938 2124 2009; baseline -0.002 -18"><span class='ocrx_word' id='word_1_190' title='bbox 279 1941 376 1992; x_wconf 88' lang='lat' dir='ltr'>hac</span> <span class='ocrx_word' id='word_1_191' title='bbox 412 1942 520 1992; x_wconf 88' lang='lat' dir='ltr'>vita</span> <span class='ocrx_word' id='word_1_192' title='bbox 558 1941 793 2009; x_wconf 77' lang='lat' dir='ltr'>privatus</span> <span class='ocrx_word' id='word_1_193' title='bbox 832 1949 924 2006; x_wconf 90' lang='lat' dir='ltr'>est,</span> <span class='ocrx_word' id='word_1_194' title='bbox 976 1942 1361 1992; x_wconf 90' lang='lat' dir='ltr'>controversiae</span> <span class='ocrx_word' id='word_1_195' title='bbox 1414 1949 1605 1992; x_wconf 90' lang='lat' dir='ltr'>statum</span> <span class='ocrx_word' id='word_1_196' title='bbox 1647 1939 1803 1991; x_wconf 89' lang='lat' dir='ltr'>nobis</span> <span class='ocrx_word' id='word_1_197' title='bbox 1842 1938 2124 1990; x_wconf 89' lang='lat' dir='ltr'>discutien-</span> 
     </span>
     <span class='ocr_line' id='line_1_28' title="bbox 280 2007 2124 2080; baseline -0.002 -19"><span class='ocrx_word' id='word_1_198' title='bbox 280 2011 406 2061; x_wconf 92' lang='lat' dir='ltr'>dum</span> <span class='ocrx_word' id='word_1_199' title='bbox 443 2009 666 2079; x_wconf 88' lang='lat' dir='ltr'>reliquit.</span> <span class='ocrx_word' id='word_1_200' title='bbox 742 2009 800 2061; x_wconf 90' lang='grc'>81</span> <span class='ocrx_word' id='word_1_201' title='bbox 837 2028 960 2078; x_wconf 87' lang='lat' dir='ltr'>ergo</span> <span class='ocrx_word' id='word_1_202' title='bbox 998 2020 1174 2079; x_wconf 87' lang='lat' dir='ltr'>preter</span> <span class='ocrx_word' id='word_1_203' title='bbox 1209 2029 1329 2061; x_wconf 91' lang='lat' dir='ltr'>eum</span> <span class='ocrx_word' id='word_1_204' title='bbox 1367 2020 1445 2063; x_wconf 90' lang='lat' dir='ltr'>est</span> <span class='ocrx_word' id='word_1_205' title='bbox 1483 2013 1572 2080; x_wconf 90' lang='lat' dir='ltr'>qui</span> <span class='ocrx_word' id='word_1_206' title='bbox 1608 2009 1880 2062; x_wconf 89' lang='lat' dir='ltr'>intendere</span> <span class='ocrx_word' id='word_1_207' title='bbox 1916 2007 2124 2075; x_wconf 89' lang='lat' dir='ltr'>audeat,</span> 
     </span>
     <span class='ocr_line' id='line_1_29' title="bbox 281 2078 2125 2150; baseline -0.002 -19"><span class='ocrx_word' id='word_1_208' title='bbox 281 2098 447 2148; x_wconf 89' lang='lat' dir='ltr'>eoque</span> <span class='ocrx_word' id='word_1_209' title='bbox 502 2081 676 2130; x_wconf 89' lang='lat' dir='ltr'>animo</span> <span class='ocrx_word' id='word_1_210' title='bbox 725 2078 887 2144; x_wconf 91' lang='lat' dir='ltr'>valet,</span> <span class='ocrx_word' id='word_1_211' title='bbox 943 2087 999 2130; x_wconf 84' lang='lat' dir='ltr'>ut</span> <span class='ocrx_word' id='word_1_212' title='bbox 1048 2079 1417 2149; x_wconf 79' lang='lat' dir='ltr'>exsequendae</span> <span class='ocrx_word' id='word_1_213' title='bbox 1470 2079 1574 2131; x_wconf 88' lang='lat' dir='ltr'>litis</span> <span class='ocrx_word' id='word_1_214' title='bbox 1630 2088 1834 2150; x_wconf 89' lang='lat' dir='ltr'>partem</span> <span class='ocrx_word' id='word_1_215' title='bbox 1888 2078 2125 2148; x_wconf 87' lang='lat' dir='ltr'>arripiat,</span> 
     </span>
     <span class='ocr_line' id='line_1_30' title="bbox 280 2149 2126 2219; baseline -0.002 -19"><span class='ocrx_word' id='word_1_216' title='bbox 280 2150 419 2201; x_wconf 90' lang='lat' dir='ltr'>adsit</span> <span class='ocrx_word' id='word_1_217' title='bbox 464 2167 667 2212; x_wconf 88' lang='lat' dir='ltr'>coram,</span> <span class='ocrx_word' id='word_1_218' title='bbox 719 2149 844 2219; x_wconf 89' lang='lat' dir='ltr'>quid</span> <span class='ocrx_word' id='word_1_219' title='bbox 895 2150 1082 2201; x_wconf 89' lang='lat' dir='ltr'>sentiat</span> <span class='ocrx_word' id='word_1_220' title='bbox 1132 2150 1326 2215; x_wconf 86' lang='lat' dir='ltr'>edicat,</span> <span class='ocrx_word' id='word_1_221' title='bbox 1384 2150 1513 2201; x_wconf 90' lang='lat' dir='ltr'>nihil</span> <span class='ocrx_word' id='word_1_222' title='bbox 1558 2159 1795 2202; x_wconf 89' lang='lat' dir='ltr'>metuens</span> <span class='ocrx_word' id='word_1_223' title='bbox 1847 2149 2126 2200; x_wconf 87' lang='lat' dir='ltr'>criminato</span> 
     </span>
     <span class='ocr_line' id='line_1_31' title="bbox 281 2218 2125 2289; baseline -0.001 -20"><span class='ocrx_word' id='word_1_224' title='bbox 281 2219 530 2271; x_wconf 90' lang='lat' dir='ltr'>intendat.</span> <span class='ocrx_word' id='word_1_225' title='bbox 607 2218 662 2269; x_wconf 90' lang='grc'>81</span> <span class='ocrx_word' id='word_1_226' title='bbox 699 2237 824 2270; x_wconf 86' lang='lat' dir='ltr'>vera</span> <span class='ocrx_word' id='word_1_227' title='bbox 860 2219 1108 2288; x_wconf 88' lang='lat' dir='ltr'>proferat,</span> <span class='ocrx_word' id='word_1_228' title='bbox 1147 2220 1258 2271; x_wconf 91' lang='lat' dir='ltr'>eius</span> <span class='ocrx_word' id='word_1_229' title='bbox 1296 2221 1576 2272; x_wconf 85' lang='lat' dir='ltr'>verborum</span> <span class='ocrx_word' id='word_1_230' title='bbox 1614 2220 1991 2289; x_wconf 84' lang='lat' dir='ltr'>approbatores</span> <span class='ocrx_word' id='word_1_231' title='bbox 2028 2235 2125 2268; x_wconf 90' lang='lat' dir='ltr'>nos</span> 
     </span>
     <span class='ocr_line' id='line_1_32' title="bbox 282 2287 2124 2354; baseline -0.002 -14"><span class='ocrx_word' id='word_1_232' title='bbox 282 2291 390 2341; x_wconf 83' lang='lat' dir='ltr'>sine</span> <span class='ocrx_word' id='word_1_233' title='bbox 446 2289 606 2341; x_wconf 88' lang='lat' dir='ltr'>dubio</span> <span class='ocrx_word' id='word_1_234' title='bbox 659 2288 890 2341; x_wconf 90' lang='lat' dir='ltr'>habebit.</span> <span class='ocrx_word' id='word_1_235' title='bbox 972 2288 1131 2354; x_wconf 76' lang='lat' dir='ltr'>Quod</span> <span class='ocrx_word' id='word_1_236' title='bbox 1178 2290 1221 2340; x_wconf 89' lang='lat' dir='ltr'>si</span> <span class='ocrx_word' id='word_1_237' title='bbox 1269 2289 1614 2342; x_wconf 89' lang='lat' dir='ltr'>calumniator</span> <span class='ocrx_word' id='word_1_238' title='bbox 1667 2288 1799 2340; x_wconf 87' lang='lat' dir='ltr'>falsa</span> <span class='ocrx_word' id='word_1_239' title='bbox 1854 2287 2124 2351; x_wconf 86' lang='lat' dir='ltr'>confinxit,</span> 
     </span>
     <span class='ocr_line' id='line_1_33' title="bbox 279 2355 2123 2429; baseline -0.002 -19"><span class='ocrx_word' id='word_1_240' title='bbox 279 2378 464 2410; x_wconf 92' lang='lat' dir='ltr'>vocem</span> <span class='ocrx_word' id='word_1_241' title='bbox 504 2359 814 2427; x_wconf 82' lang='lat' dir='ltr'>supprimat,</span> <span class='ocrx_word' id='word_1_242' title='bbox 863 2378 927 2411; x_wconf 92' lang='lat' dir='ltr'>ne</span> <span class='ocrx_word' id='word_1_243' title='bbox 966 2360 1092 2411; x_wconf 91' lang='lat' dir='ltr'>tanti</span> <span class='ocrx_word' id='word_1_244' title='bbox 1131 2359 1377 2410; x_wconf 88' lang='lat' dir='ltr'>facinoris</span> <span class='ocrx_word' id='word_1_245' title='bbox 1416 2368 1633 2429; x_wconf 87' lang='lat' dir='ltr'>argutus</span> <span class='ocrx_word' id='word_1_246' title='bbox 1677 2377 1875 2427; x_wconf 90' lang='lat' dir='ltr'>poenas</span> <span class='ocrx_word' id='word_1_247' title='bbox 1926 2355 2123 2408; x_wconf 90' lang='lat' dir='ltr'>solvat&#39;.</span> 
     </span>
     <span class='ocr_line' id='line_1_34' title="bbox 282 2426 2129 2498; baseline -0.002 -19"><span class='ocrx_word' id='word_1_248' title='bbox 282 2429 385 2480; x_wconf 86' lang='lat' dir='ltr'>Ter</span> <span class='ocrx_word' id='word_1_249' title='bbox 422 2428 767 2480; x_wconf 87' lang='lat' dir='ltr'>acclamatum</span> <span class='ocrx_word' id='word_1_250' title='bbox 804 2438 895 2494; x_wconf 89' lang='lat' dir='ltr'>est,</span> <span class='ocrx_word' id='word_1_251' title='bbox 934 2436 990 2479; x_wconf 93' lang='lat' dir='ltr'>ut</span> <span class='ocrx_word' id='word_1_252' title='bbox 1025 2428 1224 2481; x_wconf 90' lang='lat' dir='ltr'>delator</span> <span class='ocrx_word' id='word_1_253' title='bbox 1261 2430 1584 2498; x_wconf 89' lang='lat' dir='ltr'>procederet.</span> <span class='ocrx_word' id='word_1_254' title='bbox 1658 2430 1762 2481; x_wconf 86' lang='lat' dir='ltr'>Ter</span> <span class='ocrx_word' id='word_1_255' title='bbox 1786 2427 1852 2479; x_wconf 90' lang='lat' dir='ltr'>ab</span> <span class='ocrx_word' id='word_1_256' title='bbox 1881 2426 2129 2479; x_wconf 90' lang='lat' dir='ltr'>omnibus</span> 
     </span>
     <span class='ocr_line' id='line_1_35' title="bbox 281 2494 2127 2568; baseline -0.002 -19"><span class='ocrx_word' id='word_1_257' title='bbox 281 2508 531 2567; x_wconf 87' lang='lat' dir='ltr'>negatum</span> <span class='ocrx_word' id='word_1_258' title='bbox 581 2507 672 2550; x_wconf 91' lang='lat' dir='ltr'>est.</span> <span class='ocrx_word' id='word_1_259' title='bbox 748 2499 842 2568; x_wconf 76' lang='lat'>(7.)</span> <span class='ocrx_word' id='word_1_260' title='bbox 917 2499 1048 2549; x_wconf 84' lang='lat' dir='ltr'>Dux</span> <span class='ocrx_word' id='word_1_261' title='bbox 1095 2500 1273 2568; x_wconf 92' lang='lat' dir='ltr'>itaque</span> <span class='ocrx_word' id='word_1_262' title='bbox 1322 2500 1511 2551; x_wconf 88' lang='lat' dir='ltr'>iterum</span> <span class='ocrx_word' id='word_1_263' title='bbox 1548 2499 1754 2551; x_wconf 91' lang='lat' dir='ltr'>locutus</span> <span class='ocrx_word' id='word_1_264' title='bbox 1790 2499 1887 2549; x_wconf 88' lang='lat' dir='ltr'>ait:</span> <span class='ocrx_word' id='word_1_265' title='bbox 1950 2496 2028 2549; x_wconf 74' lang='lat' dir='ltr'>&lt;Si</span> <span class='ocrx_word' id='word_1_266' title='bbox 2064 2494 2127 2546; x_wconf 89' lang='lat' dir='ltr'>lis</span> 
     </span>
     <span class='ocr_line' id='line_1_36' title="bbox 282 2567 2126 2638; baseline -0.001 -19"><span class='ocrx_word' id='word_1_267' title='bbox 282 2570 386 2619; x_wconf 91' lang='lat' dir='ltr'>iam</span> <span class='ocrx_word' id='word_1_268' title='bbox 424 2568 632 2634; x_wconf 87' lang='lat' dir='ltr'>decidit,</span> <span class='ocrx_word' id='word_1_269' title='bbox 674 2569 798 2636; x_wconf 89' lang='lat' dir='ltr'>quia</span> <span class='ocrx_word' id='word_1_270' title='bbox 834 2570 923 2638; x_wconf 91' lang='lat' dir='ltr'>qui</span> <span class='ocrx_word' id='word_1_271' title='bbox 947 2569 1185 2620; x_wconf 88' lang='lat' dir='ltr'>intendat</span> <span class='ocrx_word' id='word_1_272' title='bbox 1220 2588 1326 2620; x_wconf 90' lang='lat' dir='ltr'>non</span> <span class='ocrx_word' id='word_1_273' title='bbox 1358 2578 1450 2636; x_wconf 87' lang='lat' dir='ltr'>est,</span> <span class='ocrx_word' id='word_1_274' title='bbox 1489 2567 1906 2638; x_wconf 74' lang='lat' dir='ltr'>metropolitam,</span> <span class='ocrx_word' id='word_1_275' title='bbox 1943 2574 2126 2636; x_wconf 83' lang='lat' dir='ltr'>utpote</span> 
     </span>
     <span class='ocr_line' id='line_1_37' title="bbox 283 2635 2128 2708; baseline -0.002 -19"><span class='ocrx_word' id='word_1_276' title='bbox 283 2640 394 2689; x_wconf 89' lang='lat' dir='ltr'>viro</span> <span class='ocrx_word' id='word_1_277' title='bbox 431 2637 595 2689; x_wconf 91' lang='lat' dir='ltr'>nobili</span> <span class='ocrx_word' id='word_1_278' title='bbox 633 2646 683 2689; x_wconf 90' lang='lat' dir='ltr'>ct</span> <span class='ocrx_word' id='word_1_279' title='bbox 718 2637 883 2690; x_wconf 90' lang='lat' dir='ltr'>multa</span> <span class='ocrx_word' id='word_1_280' title='bbox 909 2640 1164 2708; x_wconf 87' lang='lat' dir='ltr'>sapientia</span> <span class='ocrx_word' id='word_1_281' title='bbox 1189 2639 1384 2706; x_wconf 88' lang='grc'>1001110,</span> <span class='ocrx_word' id='word_1_282' title='bbox 1425 2639 1719 2692; x_wconf 89' lang='lat' dir='ltr'>cedendum</span> <span class='ocrx_word' id='word_1_283' title='bbox 1751 2647 1843 2690; x_wconf 88' lang='lat' dir='ltr'>est.</span> <span class='ocrx_word' id='word_1_284' title='bbox 1917 2637 2002 2690; x_wconf 91' lang='lat' dir='ltr'>Ab</span> <span class='ocrx_word' id='word_1_285' title='bbox 2028 2635 2128 2687; x_wconf 91' lang='lat' dir='ltr'>hac</span> 
     </span>
     <span class='ocr_line' id='line_1_38' title="bbox 285 2704 2128 2778; baseline -0.002 -19"><span class='ocrx_word' id='word_1_286' title='bbox 285 2726 407 2777; x_wconf 86' lang='lat' dir='ltr'>ergo</span> <span class='ocrx_word' id='word_1_287' title='bbox 424 2710 445 2741; x_wconf 77' lang='lat'>‘¹</span> <span class='ocrx_word' id='word_1_288' title='bbox 501 2708 790 2777; x_wconf 89' lang='lat' dir='ltr'>suspitione</span> <span class='ocrx_word' id='word_1_289' title='bbox 845 2712 1054 2778; x_wconf 89' lang='lat' dir='ltr'>penitus</span> <span class='ocrx_word' id='word_1_290' title='bbox 1108 2709 1361 2761; x_wconf 88' lang='lat' dir='ltr'>discedite</span> <span class='ocrx_word' id='word_1_291' title='bbox 1426 2727 1796 2778; x_wconf 89' lang='lat' dir='ltr'>summumque</span> <span class='ocrx_word' id='word_1_292' title='bbox 1864 2704 2128 2776; x_wconf 87' lang='lat' dir='ltr'>presulem</span> 
     </span>
     <span class='ocr_line' id='line_1_39' title="bbox 285 2777 2130 2843; baseline 0 -16"><span class='ocrx_word' id='word_1_293' title='bbox 285 2777 448 2828; x_wconf 85' lang='lat' dir='ltr'>multo</span> <span class='ocrx_word' id='word_1_294' title='bbox 498 2778 696 2829; x_wconf 86' lang='lat' dir='ltr'>honore</span> <span class='ocrx_word' id='word_1_295' title='bbox 742 2778 980 2830; x_wconf 81' lang='lat' dir='ltr'>excolite.</span> <span class='ocrx_word' id='word_1_296' title='bbox 1067 2780 1401 2831; x_wconf 85' lang='lat' dir='ltr'>Reveremini</span> <span class='ocrx_word' id='word_1_297' title='bbox 1449 2780 1588 2831; x_wconf 92' lang='lat' dir='ltr'>hunc</span> <span class='ocrx_word' id='word_1_298' title='bbox 1634 2778 1788 2830; x_wconf 90' lang='lat' dir='ltr'>talem</span> <span class='ocrx_word' id='word_1_299' title='bbox 1838 2778 2030 2843; x_wconf 89' lang='lat' dir='ltr'>virum,</span> <span class='ocrx_word' id='word_1_300' title='bbox 2078 2782 2130 2827; x_wconf 90' lang='lat' dir='ltr'>et</span> 
     </span>
     <span class='ocr_line' id='line_1_40' title="bbox 286 2846 2128 2918; baseline 0 -21"><span class='ocrx_word' id='word_1_301' title='bbox 286 2856 508 2915; x_wconf 90' lang='lat' dir='ltr'>quantae</span> <span class='ocrx_word' id='word_1_302' title='bbox 533 2848 756 2914; x_wconf 84' lang='lat' dir='ltr'>virtutis,</span> <span class='ocrx_word' id='word_1_303' title='bbox 795 2849 1097 2918; x_wconf 84' lang='lat' dir='ltr'>sapientiae,</span> <span class='ocrx_word' id='word_1_304' title='bbox 1134 2848 1420 2901; x_wconf 89' lang='lat' dir='ltr'>nobilitatis</span> <span class='ocrx_word' id='word_1_305' title='bbox 1448 2852 1528 2916; x_wconf 88' lang='lat' dir='ltr'>sit,</span> <span class='ocrx_word' id='word_1_306' title='bbox 1563 2850 1814 2900; x_wconf 88' lang='lat' dir='ltr'>hactenus</span> <span class='ocrx_word' id='word_1_307' title='bbox 1840 2846 2128 2916; x_wconf 84' lang='lat' dir='ltr'>predicate.</span> 
     </span>
     <span class='ocr_line' id='line_1_41' title="bbox 286 2916 2130 2987; baseline 0.001 -22"><span class='ocrx_word' id='word_1_308' title='bbox 286 2916 428 2981; x_wconf 78' lang='lat' dir='ltr'>Quid</span> <span class='ocrx_word' id='word_1_309' title='bbox 465 2918 602 2968; x_wconf 91' lang='lat' dir='ltr'>enim</span> <span class='ocrx_word' id='word_1_310' title='bbox 641 2918 855 2986; x_wconf 87' lang='lat' dir='ltr'>prodest</span> <span class='ocrx_word' id='word_1_311' title='bbox 891 2919 1268 2987; x_wconf 86' lang='lat' dir='ltr'>suspitioneme</span> <span class='ocrx_word' id='word_1_312' title='bbox 1304 2918 1515 2986; x_wconf 90' lang='lat' dir='ltr'>habere,</span> <span class='ocrx_word' id='word_1_313' title='bbox 1563 2921 1648 2971; x_wconf 91' lang='lat' dir='ltr'>cui</span> <span class='ocrx_word' id='word_1_314' title='bbox 1698 2919 1753 2968; x_wconf 93' lang='lat' dir='ltr'>in</span> <span class='ocrx_word' id='word_1_315' title='bbox 1800 2917 1985 2968; x_wconf 90' lang='lat' dir='ltr'>iuditio</span> <span class='ocrx_word' id='word_1_316' title='bbox 2022 2933 2130 2966; x_wconf 93' lang='lat' dir='ltr'>non</span> 
     </span>
     <span class='ocr_line' id='line_1_42' title="bbox 283 2985 1191 3056; baseline 0.003 -20"><span class='ocrx_word' id='word_1_317' title='bbox 283 2985 429 3037; x_wconf 86' lang='lat' dir='ltr'>fuere</span> <span class='ocrx_word' id='word_1_318' title='bbox 463 2987 601 3037; x_wconf 86' lang='lat' dir='ltr'>vires</span> <span class='ocrx_word' id='word_1_319' title='bbox 640 2988 926 3056; x_wconf 89' lang='lat' dir='ltr'>quicquam</span> <span class='ocrx_word' id='word_1_320' title='bbox 964 2989 1191 3040; x_wconf 73' lang='lat' dir='ltr'>dicere&#39;?</span> 
     </span>
    </p>

    <p class='ocr_par' dir='ltr' id='par_1_8' title="bbox 287 3056 2132 3196">
     <span class='ocr_line' id='line_1_43' title="bbox 425 3056 2132 3129; baseline -0.001 -22"><span class='ocrx_word' id='word_1_321' title='bbox 425 3056 471 3107; x_wconf 80' lang='grc'>8.</span> <span class='ocrx_word' id='word_1_322' title='bbox 510 3056 683 3125; x_wconf 82' lang='lat' dir='ltr'>Ergos</span> <span class='ocrx_word' id='word_1_323' title='bbox 713 3075 916 3108; x_wconf 88' lang='lat' dir='ltr'>summo</span> <span class='ocrx_word' id='word_1_324' title='bbox 954 3058 1191 3126; x_wconf 87' lang='lat' dir='ltr'>pontifici</span> <span class='ocrx_word' id='word_1_325' title='bbox 1217 3060 1330 3110; x_wconf 90' lang='lat' dir='ltr'>dux</span> <span class='ocrx_word' id='word_1_326' title='bbox 1353 3058 1673 3129; x_wconf 87' lang='lat' dir='ltr'>reliquorum</span> <span class='ocrx_word' id='word_1_327' title='bbox 1699 3058 1983 3127; x_wconf 91' lang='lat' dir='ltr'>primatum</span> <span class='ocrx_word' id='word_1_328' title='bbox 2010 3071 2132 3106; x_wconf 91' lang='lat' dir='ltr'>con-</span> 
     </span>
     <span class='ocr_line' id='line_1_44' title="bbox 287 3124 2131 3196; baseline -0.001 -20"><span class='ocrx_word' id='word_1_329' title='bbox 287 3134 476 3177; x_wconf 74' lang='lat' dir='ltr'>sensug</span> <span class='ocrx_word' id='word_1_330' title='bbox 496 3126 862 3196; x_wconf 82' lang='lat' dir='ltr'>exsequendae</span> <span class='ocrx_word' id='word_1_331' title='bbox 879 3129 1096 3179; x_wconf 87' lang='lat' dir='ltr'>rationis</span> <span class='ocrx_word' id='word_1_332' title='bbox 1116 3128 1366 3181; x_wconf 91' lang='lat' dir='ltr'>honorem</span> <span class='ocrx_word' id='word_1_333' title='bbox 1386 3129 1451 3181; x_wconf 89' lang='lat' dir='ltr'>de</span> <span class='ocrx_word' id='word_1_334' title='bbox 1470 3127 1689 3180; x_wconf 90' lang='lat' dir='ltr'>utilitate</span> <span class='ocrx_word' id='word_1_335' title='bbox 1708 3129 1859 3196; x_wconf 87' lang='lat' dir='ltr'>regni</span> <span class='ocrx_word' id='word_1_336' title='bbox 1876 3124 2131 3191; x_wconf 86' lang='lat' dir='ltr'>attribuit,</span> 
     </span>
    </p>
   </div>
   <div class='ocr_carea' id='block_1_8' title="bbox 385 3281 2192 3329">
    <p class='ocr_par' dir='ltr' id='par_1_9' title="bbox 385 3281 2192 3329">
     <span class='ocr_line' id='line_1_45' title="bbox 385 3281 2192 3329; baseline 0 -14"><span class='ocrx_word' id='word_1_337' title='bbox 385 3281 420 3324; x_wconf 87' lang='lat' dir='ltr'>a)</span> <span class='ocrx_word' id='word_1_338' title='bbox 447 3283 541 3316; x_wconf 88' lang='lat' dir='ltr'>Cum</span> <span class='ocrx_word' id='word_1_339' title='bbox 579 3303 620 3308; x_wconf 92' lang='lat'>-</span> <span class='ocrx_word' id='word_1_340' title='bbox 658 3289 834 3318; x_wconf 83' lang='lat' dir='ltr'>curarent</span> <span class='ocrx_word' id='word_1_341' title='bbox 871 3287 901 3318; x_wconf 86' lang='lat'>1.</span> <span class='ocrx_word' id='word_1_342' title='bbox 1064 3286 1104 3329; x_wconf 87' lang='lat' dir='ltr'>b)</span> <span class='ocrx_word' id='word_1_343' title='bbox 1134 3288 1180 3319; x_wconf 91' lang='lat' dir='ltr'>do</span> <span class='ocrx_word' id='word_1_344' title='bbox 1208 3287 1299 3318; x_wconf 80' lang='lat' dir='ltr'>absc.</span> <span class='ocrx_word' id='word_1_345' title='bbox 1465 3285 1508 3328; x_wconf 87' lang='grc'>0)</span> <span class='ocrx_word' id='word_1_346' title='bbox 1536 3287 1584 3320; x_wconf 94' lang='lat' dir='ltr'>D.</span> <span class='ocrx_word' id='word_1_347' title='bbox 1613 3287 1661 3317; x_wconf 83' lang='lat' dir='ltr'>M.</span> <span class='ocrx_word' id='word_1_348' title='bbox 1690 3296 1718 3319; x_wconf 88' lang='lat' dir='ltr'>c.</span> <span class='ocrx_word' id='word_1_349' title='bbox 1859 3284 1896 3326; x_wconf 90' lang='lat' dir='ltr'>d)</span> <span class='ocrx_word' id='word_1_350' title='bbox 1920 3289 2015 3325; x_wconf 76' lang='lat' dir='ltr'>post.</span> <span class='ocrx_word' id='word_1_351' title='bbox 2042 3284 2126 3316; x_wconf 76' lang='lat' dir='ltr'>add.</span> <span class='ocrx_word' id='word_1_352' title='bbox 2179 3295 2192 3307; x_wconf 57' lang='grc' dir='ltr'><strong>τ</strong></span> 
     </span>
    </p>
   </div>
   <div class='ocr_carea' id='block_1_9' title="bbox 289 3330 1590 3378">
    <p class='ocr_par' dir='ltr' id='par_1_10' title="bbox 289 3330 1590 3378">
     <span class='ocr_line' id='line_1_46' title="bbox 289 3330 1590 3378; baseline 0.004 -15"><span class='ocrx_word' id='word_1_353' title='bbox 289 3330 323 3372; x_wconf 81' lang='lat' dir='ltr'>e)</span> <span class='ocrx_word' id='word_1_354' title='bbox 352 3333 510 3364; x_wconf 81' lang='lat' dir='ltr'>itionem</span> <span class='ocrx_word' id='word_1_355' title='bbox 537 3342 552 3364; x_wconf 84' lang='lat' dir='ltr'>e</span> <span class='ocrx_word' id='word_1_356' title='bbox 578 3343 670 3366; x_wconf 84' lang='lat' dir='ltr'>corr.</span> <span class='ocrx_word' id='word_1_357' title='bbox 797 3334 824 3375; x_wconf 88' lang='lat' dir='ltr'>f)</span> <span class='ocrx_word' id='word_1_358' title='bbox 852 3336 1018 3374; x_wconf 85' lang='lat' dir='ltr'>Purgato</span> <span class='ocrx_word' id='word_1_359' title='bbox 1046 3345 1077 3368; x_wconf 90' lang='grc'>0.</span> <span class='ocrx_word' id='word_1_360' title='bbox 1110 3338 1141 3370; x_wconf 93' lang='grc'>1.</span> <span class='ocrx_word' id='word_1_361' title='bbox 1266 3336 1304 3378; x_wconf 89' lang='lat' dir='ltr'>g)</span> <span class='ocrx_word' id='word_1_362' title='bbox 1333 3346 1426 3369; x_wconf 87' lang='lat' dir='ltr'>ensu</span> <span class='ocrx_word' id='word_1_363' title='bbox 1453 3346 1469 3368; x_wconf 82' lang='lat' dir='ltr'>e</span> <span class='ocrx_word' id='word_1_364' title='bbox 1496 3345 1590 3368; x_wconf 89' lang='lat' dir='ltr'>corr.</span> 
     </span>
    </p>
   </div>
   <div class='ocr_carea' id='block_1_10' title="bbox 289 3460 2128 3580">
    <p class='ocr_par' dir='ltr' id='par_1_11' title="bbox 289 3460 2128 3580">
     <span class='ocr_line' id='line_1_47' title="bbox 417 3460 2128 3520; baseline 0.002 -20"><span class='ocrx_word' id='word_1_365' title='bbox 417 3460 458 3514; x_wconf 92' lang='lat'>1)</span> <span class='ocrx_word' id='word_1_366' title='bbox 492 3462 827 3504; x_wconf 75' lang='lat' dir='ltr'>hematothecam</span> <span class='ocrx_word' id='word_1_367' title='bbox 862 3464 1036 3506; x_wconf 80' lang='lat' dir='ltr'>Guadet</span> <span class='ocrx_word' id='word_1_368' title='bbox 1067 3469 1304 3520; x_wconf 88' lang='lat' dir='ltr'>proposuit.</span> <span class='ocrx_word' id='word_1_369' title='bbox 1411 3464 1459 3520; x_wconf 83' lang='grc'>2)</span> <span class='ocrx_word' id='word_1_370' title='bbox 1494 3465 1621 3517; x_wconf 86' lang='lat' dir='ltr'>Quod</span> <span class='ocrx_word' id='word_1_371' title='bbox 1654 3467 1742 3505; x_wconf 87' lang='lat' dir='ltr'>iam</span> <span class='ocrx_word' id='word_1_372' title='bbox 1777 3465 1819 3506; x_wconf 84' lang='lat' dir='ltr'>d.</span> <span class='ocrx_word' id='word_1_373' title='bbox 1846 3466 1916 3506; x_wconf 83' lang='lat'>27.</span> <span class='ocrx_word' id='word_1_374' title='bbox 1979 3464 2128 3506; x_wconf 84' lang='lat' dir='ltr'>Martii</span> 
     </span>
     <span class='ocr_line' id='line_1_48' title="bbox 289 3520 1867 3580; baseline 0.005 -21"><span class='ocrx_word' id='word_1_375' title='bbox 289 3520 454 3562; x_wconf 84' lang='lat' dir='ltr'>factum</span> <span class='ocrx_word' id='word_1_376' title='bbox 488 3536 598 3574; x_wconf 84' lang='lat' dir='ltr'>esse,</span> <span class='ocrx_word' id='word_1_377' title='bbox 634 3524 824 3578; x_wconf 85' lang='lat' dir='ltr'>epistola</span> <span class='ocrx_word' id='word_1_378' title='bbox 869 3525 1000 3566; x_wconf 83' lang='lat' dir='ltr'>docet</span> <span class='ocrx_word' id='word_1_379' title='bbox 1033 3527 1248 3579; x_wconf 83' lang='lat' dir='ltr'>Gerberti‚</span> <span class='ocrx_word' id='word_1_380' title='bbox 1284 3528 1338 3569; x_wconf 84' lang='lat' dir='ltr'>cf.</span> <span class='ocrx_word' id='word_1_381' title='bbox 1373 3527 1592 3568; x_wconf 88' lang='lat' dir='ltr'>Wilmans</span> <span class='ocrx_word' id='word_1_382' title='bbox 1625 3541 1669 3580; x_wconf 89' lang='lat' dir='ltr'>p.</span> <span class='ocrx_word' id='word_1_383' title='bbox 1708 3526 1791 3566; x_wconf 89' lang='grc'>178</span> <span class='ocrx_word' id='word_1_384' title='bbox 1825 3540 1867 3567; x_wconf 90' lang='lat' dir='ltr'>n.</span> 
     </span>
    </p>
   </div>
   <div class='ocr_carea' id='block_1_11' title="bbox 2176 3328 2195 3350">
    <p class='ocr_par' dir='ltr' id='par_1_12' title="bbox 2176 3328 2195 3350">
     <span class='ocr_line' id='line_1_49' title="bbox 2176 3328 2195 3350; baseline 0 0"><span class='ocrx_word' id='word_1_385' title='bbox 2176 3328 2195 3350; x_wconf 78' lang='grc' dir='ltr'><strong><em>Ι</em></strong></span> 
     </span>
    </p>
   </div>
  </div>
 </body>
</html>
