2240 3879
137 376 197 419 Ἰ).
216 378 298 410 628.

218 427 299 459 983.

218 589 302 620 984.

319 226 403 264 122
730 222 984 263 RICHERI
1018 220 1433 261 HISTORIARUM
1465 220 1649 261 LIBER
1681 222 1767 263 ΙΙΙ.

456 363 538 414 97.
592 360 723 413 *Cui
762 361 1007 413 defuncto
1046 358 1184 410 filius
1223 359 1573 428 quinquennis
1603 359 1727 411 Otto
1756 364 2019 427 superstes
2046 363 2173 408 erat.

319 433 492 498 Quem
531 432 667 501 patri
705 431 985 482 succedere
1017 430 1072 479 in
1107 447 1355 496 regnum,
1405 445 1522 478 cum
1559 427 1759 497 aliquot
1795 428 2048 497 primates
2084 443 2173 478 vo-

317 502 550 567 luissent,
601 500 656 551 id
701 501 768 553 ab
818 498 1082 569 aliquibus
1135 498 1516 550 contradictum
1567 505 1659 549 est.
1743 497 1953 566 Ingenti
1998 503 2177 547 tamen

318 573 512 624 virtute
548 571 800 640 variaque
837 570 1046 620 fortuna
1083 569 1166 619 eia
1191 586 1413 636 regnum
1439 574 1623 636 postea
1646 573 1982 635 paraverunt.
2035 564 2176 615 Nam

318 640 520 707 HeziIO,
560 641 700 709 regis
738 638 895 708 paulo
935 646 1054 690 ante
1093 638 1325 689 defuncti
1359 635 1628 705 patruelis,
1669 636 1757 705 qui
1789 635 1962 686 adhuc
1985 636 2041 686 in
2067 652 2177 685 car-

319 730 438 764 cere
475 711 684 761 vinctus
722 708 787 759 ab
828 727 888 760 eo
927 709 1218 775 tenebatur,
1257 726 1318 758 eo
1359 705 1501 775 quod
1525 705 1779 757 adversus
1812 724 1929 756 eum
1955 722 2178 773 regnum

320 787 609 850 appeteret,
649 796 935 847 pravorum
974 777 1107 828 dolis
1146 778 1200 827 in
1236 777 1518 846 pernitiem
1556 776 1633 827 rei
1676 774 1921 843 publicae
1969 773 2178 842 elapsus

322 861 372 902 et
411 849 761 918 quorumdam
799 845 1179 898 munitionibus
1217 854 1459 915 receptus
1499 853 1591 896 est.
1654 845 1752 897 Vir
1776 862 1944 913 aeque
1968 851 2027 895 ut
2054 843 2179 896 Otto

320 918 528 984 nobilis,
581 935 803 986 corpore
850 917 1079 985 eleganti
1116 935 1178 967 ac
1215 915 1409 981 valido,
1459 915 1673 966 honoris
1718 914 1941 983 cupidus
1977 930 2041 964 ac
2077 912 2181 963 fac-

322 990 507 1054 tiosus3
546 989 721 1038 animo
759 994 924 1051 vastO,
965 986 1058 1037 sed
1093 985 1282 1037 fallaci.
1341 986 1446 1036 Hic
1471 984 1729 1054 regnandi
1753 983 1959 1048 avidus,
1999 1000 2181 1034 omnes

324 1057 606 1126 sacrilegos
644 1065 734 1108 aut
758 1055 957 1108 iuditiis
985 1057 1269 1121 convictos,
1311 1057 1421 1108 sive
1449 1056 1609 1106 etiam
1634 1072 1728 1123 pro
1755 1053 1909 1105 factis
1935 1052 2217 1123 iuditium*

322 1130 568 1181 timentes
585 1138 620 1192 1,
659 1134 924 1196 postremo
967 1144 1147 1177 omnes
1186 1124 1493 1192 flagitiosos,
1535 1142 1665 1194 quos
1705 1123 1949 1175 conscius
1976 1125 2182 1173 animus

324 1196 646 1268 exagitabat,
692 1195 793 1248 sibi
840 1196 1112 1264 proximos
1150 1214 1211 1246 ac
1248 1195 1531 1246 familiares
1568 1194 1707 1246 fecit.
1794 1192 2003 1244 Talium
2052 1190 2216 1259 dolis,

323 1269 462 1337 regis
520 1266 753 1318 defuncti
809 1266 1145 1335 superstitem
1200 1264 1365 1315 filium
1418 1265 1669 1317 Ottonem
1724 1281 1950 1333 parvum
1994 1262 2184 1330 rapuit,
2202 1299 2210 1306 ‚.

326 1339 436 1391 eius
474 1336 590 1388 loco
631 1355 744 1388 sese
781 1345 1124 1404 regnaturum
1161 1342 1321 1385 ratus.
1395 1335 1640 1402 Regnum
1679 1352 1803 1402 ergo
1846 1333 2004 1383 sicin
2029 1348 2211 1399 suum,

324 1409 406 1459 ius
459 1406 702 1459 refundih
758 1404 1037 1471 arbitrans,
1095 1412 1362 1473 sceptrum
1413 1412 1464 1457 et
1510 1421 1761 1455 coronam
1811 1402 1912 1454 sibi
1961 1401 2184 1471 paravit.
2200 1408 2211 1455 ss

328 1476 485 1542 Quod
534 1475 660 1526 dum
707 1493 739 1524 a
781 1474 1032 1527 Lothario
1079 1474 1435 1543 expetendum
1483 1474 1738 1542 cogitaret
1791 1490 2014 1540 eumque
2065 1487 2185 1520 con-

328 1564 476 1598 cessa
512 1545 730 1614 Belgica
768 1544 867 1595 sibi
905 1546 1097 1596 sotium
1128 1553 1178 1594 et
1203 1544 1431 1593 amicum
1457 1542 1631 1594 facere
1657 1541 1945 1607 moliretur,
1982 1539 2183 1607 legatos

326 1616 580 1686 premisit,
620 1613 763 1683 apud
803 1633 934 1683 quos
974 1621 1303 1664 sacramento
1343 1621 1650 1663 commune⁰
1686 1612 1969 1679 negocium
2012 1609 2200 1660 firma-3

326 1694 495 1752 retur3
550 1702 652 1754 quo
707 1684 865 1734 etiam
919 1690 1247 1735 sacramento
1294 1683 1503 1751 utrique
1552 1700 1705 1749 reges
1743 1681 1844 1733 sibi
1879 1679 2193 1750 polliceren-.

327 1764 426 1822 tur,
466 1773 579 1806 sese
620 1772 777 1823 super
813 1754 1058 1805 Rhenum
1095 1752 1211 1804 loco
1252 1754 1534 1804 constituto
1575 1752 1677 1803 sibi
1714 1768 2026 1802 occursuros
2042 1759 2078 1799 2.

467 1826 549 1877 98.
627 1825 832 1888 Quibus
870 1842 965 1892 per
1002 1822 1203 1892 legatos
1241 1823 1439 1888 iuratis,
1490 1821 1771 1873 Lotharius
1808 1828 2047 1890 tempore
2085 1826 2185 1871 sta·

327 1903 440 1947 tuto
498 1913 617 1946 cum
674 1896 910 1945 exercitu
965 1911 1060 1962 per
1114 1891 1387 1961 Belgicam
1440 1892 1714 1955 transienS,
1771 1891 1874 1942 ned
1922 1897 2212 1958 teneretur¹

329 1965 645 2016 sacramenti
691 1964 968 2027 obnoxius,
1020 1962 1088 2013 ad
1136 1962 1313 2014 locum
1350 1961 1521 2014 Rheni
1571 1961 1871 2013 condictum
1919 1959 2186 2011 devenite.

330 2033 515 2086 Hezilo
574 2053 689 2085 sese
743 2041 981 2084 metuens
1036 2033 1091 2083 in
1146 2033 1489 2101 suspitionem
1545 2031 1845 2100 principum
1890 2030 2086 2097 Venire,
2142 2028 2186 2080 si

329 2103 578 2155 Lothario
619 2112 932 2168 occurreret,
970 2103 1082 2153 acsi
1119 2120 1239 2154 eum
1276 2102 1331 2151 in
1354 2120 1579 2170 regnum
1604 2102 1841 2169 recipere
1866 2099 2035 2165 Vellet,
2071 2095 2205 2168 per-⁴

329 2174 452 2224 iurii
487 2192 624 2239 reus,
663 2190 937 2224 occurrere
975 2170 1191 2223 distulit.
1244 2170 1523 2222 Lotharius
1562 2189 1616 2222 se
1654 2169 1866 2221 illusum
1892 2169 2186 2234 advertens,

329 2244 501 2309 rediit,
558 2261 664 2294 non
713 2250 890 2294 tamen
937 2243 1047 2292 sine
1098 2239 1327 2291 difficilis
1380 2240 1574 2292 laboris
1622 2239 1974 2291 incommodo.
2047 2238 2187 2288 Nam

330 2312 541 2382 Belgae,
568 2331 664 2382 per
691 2331 912 2381 quorum
939 2310 1173 2362 medium
1201 2328 1320 2361 cum
1347 2311 1583 2379 equitatu
1606 2310 1900 2376 transierat,
1926 2306 2201 2375 indignati·

330 2384 607 2449 transisse,
663 2384 776 2434 vias
826 2380 1156 2451 transpositis
1203 2381 1481 2432 arboribus
1528 2379 1840 2450 impediimt,
1897 2386 1987 2430 aut
2032 2377 2198 2433 fossis:

330 2454 573 2504 inmersis
622 2460 943 2504 revertentes
983 2449 1291 2519 prohibent,
1346 2468 1453 2500 non
1490 2458 1548 2501 ut
1585 2456 1767 2519 aperto
1818 2466 2007 2518 campo
2048 2464 2194 2509 comss,i

331 2524 505 2573 minus
544 2522 808 2587 dimicent,
849 2520 940 2572 sed
978 2529 1035 2571 ut
1071 2520 1151 2570 his
1191 2519 1589 2589 impedimentis
1629 2526 1932 2570 cunctantes
1969 2536 2000 2568 a
2037 2525 2194 2587 tergo-

329 2599 569 2661 urgeant,
607 2600 696 2643 aut
731 2592 989 2643 montium
1025 2590 1164 2658 iugis
1205 2590 1391 2655 securi,
1429 2590 1556 2659 perf
1581 2589 1828 2641 inferiora
1859 2594 2191 2643 transeuntes

330 2661 616 2714 missilibus
673 2662 852 2729 figant.
938 2660 1008 2711 Et
1055 2660 1179 2728 quia
1227 2667 1412 2728 aperta
1459 2659 1629 2711 fronte
1682 2667 1819 2710 stare
1870 2658 2044 2709 animo
2083 2655 2191 2720 non}

332 2733 447 2797 fuit,
486 2732 744 2799 sagittarii
783 2749 901 2782 cum
939 2729 1165 2781 arcubus
1204 2738 1256 2781 et
1292 2728 1494 2781 balistis
1531 2747 1626 2798 per
1663 2735 1913 2780 montana
1950 2720 2205 2797 dispositi*

335 2809 469 2852 sunt.
544 2801 690 2852 Dum
729 2819 854 2869 ergo
907 2801 1169 2851 exercitus
1208 2799 1424 2862 subiret,
1475 2798 1550 2850 illi
1587 2816 1619 2848 a
1656 2797 2016 2867 superioribus
2060 2795 2131 2848 ali

335 2871 537 2939 sagittis
577 2870 828 2939 figebant,
867 2869 996 2920 alios
1023 2869 1244 2921 diversis
1271 2867 1559 2920 missilibus
1588 2869 1912 2920 sauciabant.
1973 2866 2047 2918 At
2072 2867 2109 2919 ti
2151 2866 2163 2882 ⁷
2186 2869 2196 2934 ’-

335 2958 447 3006 nes,
487 2941 654 2991 sicubi
693 2940 936 2992 ascensui
973 2941 1217 3008 pervium
1259 2937 1434 2990 locum
1470 2938 1738 3004 videbant,
1789 2938 1845 2988 in
1894 2936 2134 2988 huiusmo

336 3010 513 3061 hostes
550 3010 915 3076 vertebantur,
965 3009 1230 3078 armisque
1263 3008 1462 3060 efferati
1501 3007 1758 3078 quosdam
1791 3005 2139 3060 vulnerabant
2192 3013 2194 3017 “

435 3144 471 3185 a)
501 3145 571 3175 hoe
598 3148 731 3184 postea
761 3168 797 3176 ..
817 3166 849 3177 ..
880 3148 989 3176 erunt
1020 3146 1051 3176 1.
1189 3143 1226 3185 b)
1258 3143 1464 3176 refundere
1494 3145 1525 3176 1.
1666 3141 1700 3183 c)
1729 3151 1757 3173 s.
1788 3143 1989 3175 consilium
2018 3151 2048 3174 c.
2077 3076 2193 3239 811ρὲ

338 3195 409 3225 1100
438 3194 596 3233 negocio
625 3193 638 3223 f
678 3195 710 3226 1.
838 3193 873 3235 d)
902 3202 948 3224 110
978 3197 1002 3225 t.
1033 3203 1062 3225 s.
1093 3202 1127 3225 0.
1158 3194 1195 3224 in
1222 3203 1348 3235 mam„
1376 3193 1437 3223 ubi
1463 3201 1563 3233 acra,
1591 3193 1676 3223 xius
1705 3191 1795 3224 absc.
1908 3189 1942 3232 e)
1973 3190 2129 3223 advenit
2186 3186 2191 3195 ’

338 3242 366 3284 f)
396 3245 434 3275 111
462 3243 708 3275 inferioribus
740 3243 770 3272 1.
895 3241 932 3282 g)
963 3243 1100 3274 vulner
1127 3251 1142 3272 e
1169 3252 1264 3276 corr.
2155 3235 2178 3295 ’ζ

2155 3289 2192 3308 *A

463 3335 507 3389 1)
546 3337 611 3377 Cf.
648 3335 828 3377 Sallusti
864 3336 994 3377 Catil.
1031 3350 1068 3377 c.
1108 3337 1175 3378 14.
1286 3333 1333 3390 2)
1367 3337 1437 3376 De
1461 3335 1547 3375 fide
1573 3349 1720 3376 eorum
1746 3348 1859 3388 quae
1882 3335 2096 3375 Richerus
2118 3323 2198 3378 hs(

339 3403 383 3438 et
415 3399 459 3437 in
487 3397 770 3451 sequentibus
804 3403 953 3437 narrat
985 3412 1026 3438 v.
1049 3397 1281 3449 XVilmans,
1313 3396 1593 3437 Jahrbiicher
1615 3397 1673 3446 Π,
1709 3397 1749 3447 2,
1782 3411 1824 3450 p.
1854 3396 1936 3435 175
1971 3409 2085 3448 sqq.,
2118 3385 2194 3446 αὖ

339 3460 498 3499 acriter
531 3472 627 3499 eam
662 3459 906 3511 impugnat,
954 3463 995 3498 et
1027 3459 1178 3506 W1tte,
1213 3459 1488 3510 Lothringen
1520 3458 1565 3496 in
1600 3457 1677 3496 der
1710 3458 1897 3497 zweiten
1927 3455 2080 3497 H‘alfte
2114 3451 2187 3497 des

338 3519 525 3560 zehnten
557 3518 872 3560 Iahrhunderts
906 3533 946 3572 p.
981 3519 1036 3559 53
1072 3532 1183 3573 sqq.,
1218 3520 1293 3572 qui
1327 3519 1567 3560 contrarias
1600 3522 1746 3571 partes
1780 3519 1885 3570 agit.
