2240 3879
181 388 262 421 987.

78 2042 92 2056 '
105 2044 171 2076 fol.
189 2043 262 2075 44¹.

281 228 364 267 136
671 224 923 266 RICHERI
957 223 1374 266 HISTORIARUM
1406 223 1589 263 LIBER
1620 224 1732 265 1111.

279 363 534 434 implevit.
606 364 795 416 Portae
846 365 1017 428 etiam,
1055 381 1121 413 ne
1161 363 1277 431 quis
1314 362 1601 430 aufugeret,
1640 362 1944 415 custodibus
1982 362 2128 415 adhi-

279 434 403 487 bitis
452 451 704 503 pervasae
752 441 885 484 sunt.
958 432 1099 484 Aliia
1135 433 1312 500 itaque
1349 430 1706 501 personabant
1741 432 1960 499 bucinis,
1998 432 2124 484 aliib

279 504 499 556 vocibus
524 503 830 568 fremebant,
859 501 948 552 alii
972 520 1239 554 armorum
1266 502 1437 553 sonitu
1462 500 1926 554 tumultuabantur.
1969 502 2130 554 Unde

282 575 424 626 cives
461 574 643 640 territi,
681 582 862 641 utpote
902 573 992 641 qui
1028 570 1342 641 ignorabant
1369 570 1495 640 quid
1521 579 1672 636 esset,
1711 578 1761 622 et
1786 571 1851 623 de
1880 571 2126 624 domibus

279 642 602 709 ebullientes,
657 642 898 711 profugio
950 661 1004 693 se
1056 642 1256 710 eripere
1310 639 1652 692 conabantur.
1744 640 1982 705 Quorum
2038 641 2128 692 alii

281 713 653 766 aecclesiarum
694 712 908 764 secretis
947 730 1002 762 se
1041 710 1386 776 occultabant,
1427 709 1516 761 alii
1554 710 1776 761 diversis
1802 710 2033 763 latibulis
2071 730 2127 764 se

281 781 616 847 claudebant,
644 780 731 832 alii
757 799 879 832 vero
910 780 1044 832 saltu
1070 799 1124 832 se
1151 780 1215 832 de
1241 782 1404 831 muris
1430 779 1835 849 precipitabant.
1888 781 2129 845 Quorum·

278 872 412 904 unus
450 854 778 921 episcopusss,
818 868 938 900 cum
975 869 1070 919 per
1107 849 1330 902 declivia
1366 850 1557 901 montis
1594 851 1699 900 iam
1738 849 1943 918 elapsus
1981 859 2032 902 et
2071 851 2129 901 in

279 923 445 974 vineis
484 922 548 972 ab
589 918 1014 973 observatoribus
1053 927 1292 988 repertus
1331 928 1481 985 esset,
1520 918 1718 970 Karolo
1753 919 2011 972 deductus
2052 928 2132 971 est

280 1000 330 1043 et
367 991 433 1042 ab
474 1009 534 1042 eo
575 1008 784 1041 carcere
821 989 1078 1041 detrusus
1151 990 1395 1041 Emmam
1437 1008 1646 1058 quoque
1683 991 1936 1058 reginam,
1981 990 2131 1041 cuius

278 1062 531 1112 instinctu
569 1079 684 1112 sese
720 1059 990 1128 repulsum
1029 1077 1060 1109 a
1095 1059 1252 1111 fratre
1284 1059 1651 1125 arbitrabatur,
1688 1058 1764 1110 ibi
1789 1059 2132 1129 comprehen-

279 1132 354 1183 dit
401 1132 551 1200 eique
601 1129 844 1181 custodes
892 1129 1147 1181 adhibuit.
1238 1129 1517 1199 Reliquam
1567 1130 1724 1181 etiam
1762 1129 1909 1180 urbis
1946 1129 2130 1182 nobili-

276 1208 439 1253 tatem
474 1219 608 1270 pene
644 1207 808 1251 totam
853 1200 1098 1268 pervasit.
1186 1200 1315 1267 (17.)
1388 1201 1676 1269 Postquam
1715 1198 1908 1251 sedatis
1944 1198 2131 1250 tumul-

281 1271 419 1323 tibus
448 1272 633 1322 civitas
659 1268 943 1338 tranquilla
967 1269 1175 1320 reddita
1201 1266 1300 1336 est,
1320 1268 1549 1320 Karolus
1577 1270 1641 1320 de
1667 1270 1812 1321 urbis
1838 1269 2133 1321 munitione

281 1350 331 1393 et
367 1340 590 1392 militum
627 1341 772 1391 victu
797 1338 1085 1391 deliberare
1111 1346 1268 1409 atque
1296 1340 1534 1391 ordinare
1562 1340 1749 1409 coepit.
1806 1339 2131 1408 Deputavitd

281 1429 405 1478 ergo
455 1409 641 1479 vigiles
687 1410 1096 1478 quingentenos,
1146 1410 1235 1478 qui
1283 1409 1524 1460 noctibus
1563 1407 1780 1478 singulis
1818 1409 2006 1460 armati
2043 1427 2132 1460 ex-

281 1481 462 1531 cubias
500 1499 594 1549 per
631 1479 816 1530 urbem
855 1488 906 1530 et
942 1481 1152 1530 moenia
1189 1488 1508 1530 exercerent.
1570 1479 1852 1529 Annonam
1880 1479 2037 1530 etiam
2063 1497 2134 1530 ex

279 1558 386 1602 toto
434 1567 572 1619 pago
620 1549 1041 1600 Veromandensi
1094 1548 1283 1599 advehi
1337 1550 1503 1599 iussit.
1594 1548 1665 1598 Et
1712 1549 1787 1598 sic
1840 1548 2027 1600 urbem
2064 1549 2132 1600 ad

278 1620 630 1672 resistendum
667 1619 906 1672 munivit.
972 1618 1109 1669 Nam
1146 1618 1347 1684 turrim,
1387 1636 1522 1687 quae
1560 1617 1731 1668 adhuc
1767 1619 1929 1669 muris
1965 1617 2137 1669 humi-

279 1690 416 1742 libus
452 1688 738 1758 perstabat,
776 1689 952 1757 pinnis
991 1688 1342 1740 eminentibus
1369 1689 1632 1739 exstruxit
1667 1688 1926 1758 fossisque
1951 1696 2132 1757 paten-

278 1759 419 1811 tibus
460 1760 871 1828 circumquaque
908 1757 1137 1809 vallavit.
1192 1757 1466 1809 Machinas
1492 1758 1651 1809 etiam
1677 1756 1916 1810 hostibus
1942 1758 2134 1811 effecit.

279 1831 500 1881 Necnon
551 1838 601 1881 et
651 1827 826 1898 lignae
876 1828 1249 1895 advectantur,
1297 1828 1554 1879 machinis
1601 1827 1887 1899 educendis
1924 1827 2135 1881 idonea.

281 1898 419 1951 Valli
448 1917 656 1969 quoque
683 1906 1013 1950 exacuuntur
1027 1898 1053 1964 f,
1093 1908 1366 1967 cratesque
1402 1898 1767 1949 conteximtur.
1822 1897 1934 1949 Nec
1958 1899 2137 1950 minus

281 1970 415 2021 fabri
454 1969 842 2033 accersiuntur,
893 1969 983 2038 qui
1028 1967 1246 2019 missilia
1283 1968 1540 2020 fabricent
1578 1986 1639 2018 ac
1678 1986 1917 2038 quaeque
1953 1987 2132 2021 neces·

283 2040 419 2090 saria
455 2038 591 2089 ferro
630 2039 935 2089 instaurent.
990 2037 1101 2088 Nec
1128 2037 1340 2089 defuere
1370 2038 1459 2107 qui
1484 2047 1629 2088 tanta
1656 2037 1956 2090 subtilitatis
1983 2042 2137 2090 *arte

280 2109 495 2161 balistas
554 2109 820 2174 emittant,
870 2116 926 2158 ut
976 2106 1288 2176 apothecam
1340 2108 1395 2157 in
1442 2116 1584 2158 recta
1632 2107 1885 2159 diametro
1933 2107 2132 2177 duplici

280 2179 534 2230 foramine
572 2185 837 2247 patentem
876 2184 1017 2229 certo
1056 2178 1195 2229 iactu
1233 2178 1499 2243 traiciant,
1539 2195 1660 2228 aves
1700 2195 1906 2247 quoque
1931 2178 1987 2228 in
2012 2195 2137 2229 aere·

280 2248 517 2300 volantes
555 2247 848 2298 indubitato
886 2249 998 2298 ictu
1035 2247 1349 2316 impeterent
1391 2247 1779 2317 transfixasque
1817 2247 1882 2300 de
1921 2247 2134 2300 sublimi

279 2319 670 2388 precipitarent.

634 2417 709 2469 18.
785 2418 1061 2485 Impetusg
1099 2417 1345 2485 Hugonis
1384 2419 1473 2468 ing
1509 2415 1781 2467 Karolum.

423 2503 571 2567 Quae
623 2502 751 2553 dum
798 2508 1027 2569 aguntur
1076 2519 1263 2569 regum
1283 2512 1297 2538 ¹
1351 2500 1566 2553 auribus
1607 2499 1779 2552 delata
1817 2510 1951 2552 sunt.
2027 2502 2133 2567 Qui

279 2571 737 2625 vehementissime
776 2573 920 2637 moti,
958 2589 1064 2622 non
1100 2579 1277 2622 tamen
1315 2572 1562 2640 precipiti
1585 2572 1802 2640 impetU,
1843 2570 1951 2638 sed,
1989 2579 2048 2623 ut
2077 2572 2134 2623 in

282 2642 523 2694 omnibus
576 2641 838 2705 solebant,
891 2659 1049 2709 super
1092 2640 1194 2692 hoc
1238 2639 1637 2710 diligentissime
1688 2639 2133 2694 consultaverunt.

280 2712 581 2782 Utcumque
620 2713 778 2764 etiam
817 2710 988 2762 cordis
1016 2710 1248 2762 dolorem
1277 2710 1690 2762 dissimulabant.
1752 2711 1980 2780 Legatos
2007 2729 2135 2780 qua-

284 2800 600 2851 quaversum
641 2781 888 2849 dirigunt.
957 2780 1155 2847 Gallos,
1194 2799 1326 2849 quos
1364 2781 1486 2832 hinc
1511 2781 1769 2846 Matrona,
1806 2779 1928 2832 inde
1966 2779 2136 2832 abluit

285 2852 552 2917 Garunna,
591 2858 773 2902 contra
809 2851 1074 2902 tirannum
1110 2852 1352 2906 invitant,
1409 2851 1617 2916 Quibus
1654 2852 1708 2901 in
1746 2869 1912 2902 unum
1939 2851 2137 2903 coactis

285 2922 441 2972 cumh
470 2922 760 2972 exercitum
789 2919 1132 2989 collegissent,
1162 2919 1537 2985 deliberabant,
1575 2938 1642 2970 an
1673 2919 1858 2972 urbem
1895 2921 2134 2989 aggressi

283 2998 664 3060 expugnarent,
703 2998 986 3059 antequam
1023 2989 1089 3041 ab
1128 2990 1364 3043 hostibus
1402 2990 1748 3060 amplioribus
1773 2990 1938 3060 copiis
1963 2990 2134 3041 muni-

282 3069 441 3126 retur,
493 3069 543 3111 et
594 3070 898 3128 expugnata
949 3061 1216 3112 tirannum
1267 3059 1623 3127 confoderent,
1674 3078 1734 3112 eo
1785 3060 1942 3130 quod,
1994 3061 2039 3112 si
2087 3060 2134 3111 is

284 3129 609 3181 solummodo
648 3139 833 3199 captus
870 3138 961 3181 aut
999 3130 1203 3181 occisus
1233 3129 1381 3197 foret,
1419 3148 1545 3181 mox
1570 3148 1682 3182 sese
1707 3148 1930 3199 regnum
1957 3130 2136 3200 quiete

381 3263 417 3303 a)
446 3264 778 3303 Personantesque
808 3266 838 3295 1.
956 3263 994 3305 b)
1023 3274 1055 3298 a.
1084 3274 1118 3299 v.
1145 3265 1264 3298 freme
1293 3267 1328 3296 in
1357 3266 1430 3297 loco
1460 3274 1554 3298 ναεο.
1669 3263 1702 3305 c)
1731 3274 1767 3298 u.
1795 3274 1879 3297 cum
1908 3269 2008 3298 esset
2022 3265 2134 3306 ep.1.

284 3312 320 3351 d)
348 3313 529 3352 Deputati
567 3321 656 3352 ergo
695 3318 781 3344 sunt
814 3322 849 3344 V.
885 3315 1135 3353 quingenteni
1172 3316 1205 3347 1.
1358 3313 1392 3356 e)
1418 3315 1598 3346 millenae
1631 3314 1757 3347 trabes
1785 3337 1793 3346 .
1824 3337 1832 3346 .
1862 3337 1870 3345 .
1898 3315 2060 3347 idoneae
2099 3315 2139 3346 1-

282 3360 310 3400 f>
339 3370 421 3393 exa.
453 3371 482 3393 c.
514 3371 545 3394 c.
575 3363 611 3392 in
639 3362 714 3393 Ioco
744 3371 839 3392 raso.
942 3362 979 3402 g)
1008 3364 1037 3406 Ι,
1066 3364 1106 3394 in
1132 3363 1224 3394 absc.
1326 3362 1364 3403 h)
1388 3367 1471 3402 post
1499 3364 1582 3396 add.

410 3472 452 3520 1)
487 3471 554 3513 Ob
586 3472 670 3512 hoc
711 3471 975 3512 vocabulum
1010 3486 1080 3513 res
1122 3472 1195 3513 hic
1238 3477 1434 3515 narratas
1477 3477 1578 3527 post
1621 3473 1820 3514 Rotberti
1866 3473 2136 3515 electionem.

284 3531 509 3584 ponendas
544 3545 652 3583 esse,
686 3546 771 3573 non
807 3532 1081 3574 crediderim.
