2240 3879
500 198 751 239 RICHERI
786 198 1197 241 HISTORIARUM
1231 197 1412 237 LIBER
1447 198 1507 236 11.
1878 198 1930 236 57

165 337 245 387 34.
301 337 417 388 Rex
455 336 561 388 filio
601 335 833 387 Wilehni
870 333 1133 387 Richardo
1172 342 1364 384 terram
1404 335 1565 400 patris
1607 334 1860 385 concedit.
1951 350 2031 382 943.

231 419 343 470 Nec
382 419 545 472 multo
583 429 703 490 post
740 429 790 472 et
827 421 938 472 eius
975 417 1139 468 filium
1180 415 1243 466 de
1282 415 1556 466 Brittanna
1595 418 1929 484 'concubina,
1952 428 2040 461 'f01-
2072 429 2142 461 20‘·

92 489 304 540 nomine
358 489 698 556 Richardum,
750 490 864 557 regi
916 487 1199 549 deducunt,
1256 486 1390 552 gesti
1445 485 1641 552 negotii
1698 486 1930 538 ordinem

93 557 398 627 pandentes.
453 560 570 612 Rex
607 558 952 610 adolescentis
984 554 1298 623 elegantiam
1324 553 1617 618 advertens,
1654 553 1935 608 liberaliter

97 628 308 696 excipit,
363 629 691 697 provinciam
730 646 759 678 a
794 634 942 696 patre
988 624 1195 692 pridem
1233 641 1529 691 possessam
1576 625 1621 674 ei
1660 622 1933 692 largiens-³.

93 697 331 749 Potiores
361 716 568 767 quoque
596 698 683 766 qui
712 714 829 746 cum
856 693 1245 745 adolescentulo
1273 702 1603 744 accesserant
1629 711 1723 761 per
1749 711 1934 745 manus

96 776 146 817 et
183 776 570 818 sacramentum
616 766 753 834 regis
801 764 948 815 fiunt.
1020 762 1291 830 Multaque
1340 763 1478 830 regis
1516 761 1825 814 liberalitate
1865 764 1935 814 io-

95 835 334 900 cundati,
395 836 648 888 recedunt
700 833 1052 885 Rodomumb.
1143 831 1250 882 Alii
1304 849 1427 882 vero
1490 830 1934 883 Nortmannorum

95 904 415 956 Richardum
471 905 537 956 ad
591 922 769 972 regem
826 902 1071 955 transisse
1126 900 1476 968 indignantes,
1533 900 1600 951 ad
1650 901 1933 969 Hugoneni

95 974 282 1026 ducem
322 975 663 1025 concedunt¹.

95 1073 178 1124 35.
233 1074 349 1124 Rex
383 1091 413 1122 a
447 1074 554 1124 suis
580 1071 879 1123 Rodomum
916 1071 1200 1121 accersitur
1238 1087 1298 1120 ac
1334 1088 1454 1120 cum
1489 1071 1672 1138 piratis
1707 1070 1935 1122 dimicat.

234 1158 338 1222 Qui
392 1164 566 1208 autem
621 1156 758 1224 regis
814 1163 990 1224 partes
1046 1153 1352 1220 tuebantur,
1414 1173 1509 1221 per
1560 1153 1759 1222 legatos
1816 1173 1935 1205 eum

95 1227 404 1277 accersitum
442 1226 669 1277 Rodomi
707 1226 952 1276 decenter
993 1224 1304 1292 suscipiunt.
1394 1221 1500 1275 Ubi
1541 1241 1659 1273 cum
1699 1224 1745 1274 ei
1782 1224 1935 1275 refer-

94 1304 252 1361 retur,
292 1314 468 1364 regem
505 1296 792 1364 piratarum
822 1293 1027 1346 Setrich
1067 1311 1185 1344 cum
1225 1292 1390 1343 classe.
1429 1293 1673 1360 copiosac
1712 1292 1932 1343 fiuvium

96 1364 394 1434 Sequanam
442 1366 753 1433 ingressum,
807 1382 869 1414 ac
919 1364 1029 1415 eius
1078 1363 1268 1414 ducem
1318 1361 1712 1412 Thurmodumd
1761 1380 1936 1414 conse-

97 1441 312 1503 quenter
366 1434 639 1486 navalibus
697 1434 860 1502 copiis
908 1432 1199 1497 advenisse,
1256 1439 1314 1482 ut
1362 1432 1560 1500 absque
1611 1432 1750 1498 regis
1801 1432 1936 1482 dono

97 1504 271 1554 omnia
306 1505 596 1572 pervadant
633 1512 792 1572 atque
831 1502 1061 1554 defuncti
1113 1501 1261 1552 ducis
1310 1500 1476 1551 filium
1525 1500 1591 1551 ad
1641 1500 1936 1552 idolatriam

96 1572 348 1624 suadeant
383 1575 645 1642 ritumque
683 1571 931 1640 gentilem
977 1570 1242 1631 inducant,
1290 1588 1386 1620 rex
1423 1570 1601 1638 copias
1640 1570 1777 1621 unde
1819 1589 1937 1621 con-

96 1642 364 1710 grediatur
401 1642 611 1711 colligit.
684 1642 964 1710 Deumque
1015 1640 1418 1708 propitiaturum
1472 1638 1714 1703 confisus,
1763 1639 1937 1691 alieni-

96 1712 278 1779 genise
314 1731 434 1762 cum
470 1713 571 1763 800
609 1712 849 1762 occurrit.
904 1710 974 1760 Et
1001 1710 1123 1778 quia
1150 1727 1268 1759 cum
1296 1709 1479 1777 paucis
1508 1717 1630 1773 erat,
1669 1708 1733 1759 ad
1761 1709 1935 1760 hostes

98 1779 487 1833 concludendos
543 1782 681 1832 acies
737 1781 791 1830 in
850 1780 1054 1830 diversa
1112 1778 1389 1846 disponere
1445 1778 1696 1846 nequivit.
1791 1778 1942 1829 Suisf

97 1850 272 1919 itaque
323 1852 562 1919 stipatus,
615 1851 796 1902 erectis
846 1849 1010 1916 signis
1062 1866 1122 1898 ac
1163 1848 1378 1899 densato
1429 1847 1637 1914 agmine
1685 1848 1936 1916 procedit.

99 1918 333 1970 Gentiles
374 1939 581 1989 quoque
621 1919 800 1971 ordine
826 1918 1055 1987 pedestri
1093 1916 1420 1968 incedebant.
1493 1915 1939 1984 Propinquantes-

99 2006 200 2057 que
236 1990 403 2057 patrio
442 2008 586 2040 more
624 1990 678 2039 in
730 1989 898 2057 primo
949 1985 1176 2037 tumultu
1226 2004 1375 2037 enses
1414 1985 1626 2035 iaciunt.
1702 1987 1938 2050 Quorum

97 2058 352 2110 densitate
399 2059 597 2128 equites
647 2059 853 2109 territos
905 2075 966 2108 ac
1017 2056 1277 2106 sauciatos
1325 2054 1439 2119 rati,
1498 2072 1619 2105 cum
1672 2055 1851 2123 clipeis
1891 2064 1940 2107 et

96 2126 211 2179 telis
247 2137 609 2196 prosecuntur.
667 2127 737 2178 At
762 2128 938 2195 regius
966 2127 1228 2194 equitatus
1245 2135 1282 2190 g,
1322 2125 1523 2175 ensium
1549 2123 1689 2176 nube
1723 2125 1939 2194 dilapsa,

97 2195 379 2265 clipeorum
421 2198 713 2249 obiectione
750 2198 862 2262 tuti,
902 2197 954 2245 in
991 2194 1196 2264 pedites
1241 2194 1491 2246 feruntur.
1565 2193 1644 2243 Ac
1684 2193 1939 2260 densatih,

97 2268 235 2318 acies
282 2267 558 2319 sternendo
614 2274 771 2335 atque
819 2263 1166 2316 interimendo
1214 2263 1425 2314 indivisi
1474 2271 1750 2332 penetrant
1797 2282 1939 2332 egre-

99 2335 433 2405 diunturque.
507 2336 813 2404 Rursusque
850 2335 1091 2403 regressi,
1139 2340 1416 2401 penetrant
1475 2350 1536 2382 ac
1592 2332 1937 2401 disrumpunt.
1983 2356 1990 2361 ·

96 2405 295 2473 Regem
336 2424 545 2474 quoque
587 2405 791 2456 Setrich
830 2422 947 2454 cum
986 2402 1235 2454 violentia
1272 2401 1397 2453 belli
1422 2403 1477 2452 in
1501 2401 1681 2469 fugam
1709 2410 1938 2469 cogeret,

97 2475 151 2524 in
189 2474 401 2526 dumeto
449 2492 576 2524 mox
621 2482 873 2541 repertus,
923 2471 1089 2523 tribus
1138 2471 1334 2522 lanceis
1371 2488 1403 2520 a
1438 2469 1738 2539 palantibus
1777 2480 1939 2521 trans-

98 2543 236 2594 fixus
275 2551 366 2595 est.
450 2541 787 2594 Thurmodus
834 2559 957 2593 vero
1005 2559 1124 2591 cum
1163 2540 1336 2590 adhuc
1386 2541 1440 2590 in
1487 2541 1768 2590 certamine
1817 2541 1938 2591 totis

97 2613 299 2664 viribus
349 2620 606 2682 ageretur,
651 2610 716 2662 ab
766 2610 1037 2662 Ludovico
1089 2610 1210 2678 equi
1256 2609 1554 2677 impetentis
1603 2619 1815 2676 pectore
1863 2617 1941 2660 est

99 2680 346 2733 deiectus.
433 2684 602 2747 Quem
653 2698 772 2731 eum
822 2698 918 2731 rex
968 2680 1168 2747 impetu
1216 2679 1503 2746 preteriret,
1553 2696 1651 2728 nec
1699 2696 1817 2729 eum
1866 2678 1939 2729 di-

97 2760 353 2818 nosceret,
392 2760 442 2802 et
477 2752 542 2802 ab
574 2750 811 2801 hostibus
836 2749 1106 2817 impetitus
1132 2748 1185 2798 in
1212 2747 1328 2798 loco
1356 2754 1515 2798 staret
1542 2748 1939 2816 connninusque

100 2819 420 2889 confligeret,
457 2819 794 2870 Thurmodus
832 2818 939 2868 suis
979 2818 1215 2885 stipatus,
1254 2834 1433 2884 regem
1470 2833 1501 2865 a
1537 2823 1685 2882 tergo
1725 2818 1938 2885 appetit,

98 2889 371 2959 factusque
418 2890 463 2940 ei
515 2889 723 2953 dexter,
774 2906 870 2956 per
915 2885 1106 2938 loricae
1156 2887 1418 2936 manicam
1473 2903 1607 2953 pene
1657 2904 1822 2954 usque
1870 2886 1937 2937 ad

100 2959 295 3011 sinistri
330 2958 505 3010 lateris
542 2957 927 3028 ypocundriam
965 2956 1146 3007 lancea
1184 2955 1397 3006 sauciat.
1470 2955 1587 3006 Rex
1624 2954 1787 3006 multa
1815 2954 1938 3007 cede

100 3028 166 3080 ab
204 3046 264 3080 eo
285 3029 486 3097 impetu
511 3026 780 3096 paulisper
807 3025 1052 3090 dimotus,
1080 3025 1401 3075 sauciantem
1427 3025 1657 3093 respicit.
1719 3025 1938 3093 Ictuque

99 3097 154 3147 in
192 3097 432 3150 dextram
460 3098 744 3167 obliquatO,
783 3094 1120 3164 provocantis
1146 3103 1305 3163 caput
1339 3111 1456 3144 cum
1484 3093 1701 3145 humero
1731 3094 1937 3144 sinistro

199 3231 234 3272 a)
261 3233 423 3271 largitur
451 3235 482 3264 1.
580 3231 619 3273 b)
648 3232 865 3263 Rodomunt
891 3239 919 3260 c.
1019 3226 1052 3268 c)
1082 3227 1199 3258 multa
1229 3230 1261 3258 1.
1355 3227 1391 3268 d)
1422 3228 1550 3261 Turm.
1573 3236 1749 3266 superscr.
1767 3227 1881 3257 littera
1904 3227 1939 3257 h.

103 3278 139 3321 e)
168 3288 199 3313 c.
227 3281 357 3313 DCCC
385 3290 419 3313 a.
451 3283 468 3312 1
571 3280 602 3322 f)
629 3280 714 3312 Suis
745 3297 785 3302 -
817 3277 988 3318 procedit
1016 3278 1051 3308 in
1080 3285 1189 3315 mary.
1219 3277 1300 3308 add.
1389 3274 1427 3317 g)
1453 3278 1640 3308 exercitus
1670 3278 1700 3308 1.
1786 3274 1825 3314 h)
1856 3283 1941 3306 con-

103 3328 244 3367 globati
272 3331 304 3362 1.

227 3420 271 3475 1)
311 3423 438 3463 Haec
473 3437 525 3464 ex
561 3423 691 3464 Flod.
724 3423 836 3472 9433
871 3421 993 3461 cuius
1027 3420 1320 3460 narrationem
1365 3432 1402 3460 c.
1437 3419 1506 3460 35.
1540 3417 1670 3459 valde
1706 3416 1933 3470 ampliavit

106 3486 150 3522 et
182 3495 233 3523 eo
268 3483 541 3535 deformavit,
575 3483 692 3536 quod
724 3480 1018 3523 Thurmodum
1054 3479 1208 3521 ducem
1245 3479 1401 3520 Setrici
1437 3479 1555 3520 dicit.
