2240 3879
476 225 728 266 RICHERI
761 227 1174 268 HISTORIARUM
1205 226 1389 268 LIBER
1423 229 1532 270 IIII.
1842 230 1924 268 157

90 361 253 413 renda
288 361 415 412 nihil
451 372 753 430 metuentes,
793 382 914 415 cum
951 382 1118 433 aeque
1154 364 1350 414 iustum
1388 365 1467 430 sit,
1507 375 1556 417 et
1591 385 1737 417 reum
1768 369 1924 419 maie·
1941 373 2021 406 991.
2081 420 2099 428 η

86 432 235 483 statis
271 432 508 482 damnari
545 441 595 484 et
630 435 994 485 innocentema
1029 433 1226 483 laxari'.
1941 422 2012 452 ¹³11
2057 421 2112 452 1⁴·

83 531 170 582 59.
242 530 631 583 Demonstratio
678 532 954 597 Ratbodib,
1002 531 1144 599 quod
1188 530 1455 582 libellumb
1508 532 1769 586 fidelitatis
1816 538 1922 605 epi-

273 601 418 668 scopi
433 602 454 634 ¹>
491 601 948 652 Lothariensiumb
985 603 1297 669 perperamb
1337 600 1729 654 calumnientur.

220 684 493 736 Ratbodus
519 685 881 738 Noviomensis
919 687 1198 754 episcopus
1226 685 1383 737 dixit:
1423 685 1497 737 <Si
1522 684 1709 754 placet,
1748 695 1922 756 patres
1941 697 2043 729 Gerb
2091 707 2120 731 c·
2152 698 2184 733 ῖ.

79 754 370 819 reverendi,
409 753 641 805 libellum
688 755 965 820 fidelitatis,
1018 753 1083 805 ab
1121 754 1342 805 Arnulfo
1394 755 1655 824 quondam
1706 758 1922 825 regibus

85 821 150 872 de
187 821 429 875 habenda
464 823 567 874 fide
603 834 921 892 porrectum,
959 842 990 873 a
1012 822 1162 874 vobis
1199 841 1339 873 nunc
1367 823 1751 876 discutiendum
1776 835 1920 895 puto.

82 890 307 942 Videtur
343 894 496 959 enim,
543 893 684 961 quod
720 892 857 943 solus
895 893 950 942 in
999 895 1108 944 eius
1156 893 1526 962 dampnatione
1572 895 1812 961 sufficiat,
1861 913 1920 948 eo

85 960 226 1029 quod
263 961 422 1013 fidem
458 963 788 1013 iureiurando
838 963 1154 1031 promissam
1203 971 1253 1013 et
1301 982 1485 1014 manus
1523 965 1715 1032 scripto
1769 965 1920 1016 robo-

79 1038 248 1081 ratam
274 1031 546 1100 sacrilegio
564 1042 581 1064 ⁰
606 1032 852 1101 periuriiC
877 1033 1086 1100 penitus
1106 1031 1396 1085 violaverit.
1438 1032 1542 1084 Sed
1563 1044 1639 1084 est
1666 1034 1920 1102 quiddam

82 1099 222 1167 quod
258 1101 533 1166 remordet,
584 1100 724 1169 quod
762 1099 959 1153 scilicet
994 1119 1025 1151 a
1061 1100 1480 1153 Lothariensium
1530 1103 1813 1172 episcopis,
1862 1112 1921 1154 ut

77 1169 254 1234 fertur,
302 1179 479 1221 contra
527 1169 670 1220 illum
717 1171 1025 1239 disputatur.
1101 1169 1500 1221 Calumniantur
1536 1172 1690 1236 enim,
1740 1183 1921 1224 contra

80 1237 223 1306 leges
250 1239 455 1289 divinas
482 1240 748 1307 scriptum,
775 1239 982 1306 lectum,
1007 1239 1352 1290 reconditum.
1391 1239 1545 1291 Unde
1572 1248 1636 1306 et,
1664 1241 1706 1291 si
1732 1240 1917 1309 placet,

81 1309 188 1358 iam
226 1311 288 1358 *a
323 1308 474 1359 vobis
511 1308 866 1361 discutiendus
903 1310 958 1359 in
994 1309 1262 1360 mediumd
1299 1309 1621 1377 proferatur'.
1693 1310 2030 1362 Sinodus·f01.
2054 1331 2112 1363 50.

81 1377 240 1429 dixit:
281 1378 624 1429 ‘Proferatur'.

410 1478 492 1528 60.
565 1478 765 1529 Textus
802 1476 996 1530 libellie
1033 1476 1329 1528 fidelitatise
1367 1477 1587 1528 Arnulfi.

218 1560 456 1613 Prolatus
506 1569 584 1613 est
618 1562 812 1631 itaque,
850 1561 983 1613 hanc
1020 1570 1194 1613 textus
1239 1563 1425 1614 seriem
1473 1561 1725 1613 habensl:
1783 1563 1916 1632 ‘Ego
1937 1578 1967 1601 0·
1999 1570 2032 1600 8-

80 1628 332 1681 Arnulfus
379 1633 547 1699 gratia
590 1632 695 1682 Dei
748 1632 1083 1700 preveniente
1137 1632 1421 1683 Remorum
1475 1631 1917 1701 archiepiscopus,

79 1701 329 1769 promitto
375 1701 587 1768 regibus
637 1701 961 1751 Francorum
999 1700 1216 1769 Hugoni
1255 1711 1305 1753 et
1340 1701 1607 1768 Rotberto,
1642 1721 1725 1752 me
1762 1703 1919 1753 fidem

80 1770 416 1838 purissimam
454 1777 796 1835 servaturum,
837 1769 1110 1820 consilium
1149 1780 1198 1822 et
1234 1770 1490 1821 auxilium
1527 1772 1600 1822 eis
1633 1772 1919 1823 secundum

80 1857 257 1890 meum
294 1840 424 1891 scire
464 1847 513 1890 et
548 1857 702 1908 posse
738 1840 792 1889 in
830 1840 1070 1891 omnibus
1107 1842 1330 1908 negotiis
1364 1841 1712 1909 prebiturum3
1750 1842 1920 1892 inimi-

81 1908 185 1958 cisf
217 1926 399 1960 eorum
440 1927 536 1960 nec
576 1908 788 1960 consilio
838 1927 936 1960 nec
978 1908 1174 1960 auxilio
1213 1909 1282 1959 ad
1328 1927 1508 1961 eorum
1557 1909 1919 1962 infidelitatem

81 1978 305 2028 scienter
341 1977 658 2032 adiuturum.
742 1977 890 2029 Haec
934 1979 989 2027 in
1036 1988 1321 2047 conspectu
1371 1979 1580 2030 divinae
1630 1980 1916 2031 maiestatis

80 2056 132 2098 et
166 2047 441 2099 beatormn
478 2048 755 2117 spirituum
792 2056 842 2099 et
877 2048 1037 2099 totius
1071 2047 1355 2099 aecclesiae
1380 2048 1627 2099 assistens
1652 2050 1917 2116 promitto,

78 2133 174 2185 pro
212 2115 345 2168 bene
384 2118 597 2168 servatis
642 2116 838 2168 laturus
887 2117 1089 2186 premia
1133 2124 1373 2169 aeternae
1420 2117 1773 2169 beatitudinis.
1861 2118 1918 2170 Si

78 2204 230 2251 vero,
289 2186 428 2255 quod
473 2186 592 2238 nolo
639 2195 690 2238 et
739 2186 876 2255 quod
928 2187 1085 2252 absit,
1142 2185 1208 2237 ab
1258 2185 1339 2237 his
1386 2186 1690 2252 deviavero,
1748 2189 1916 2238 omnis

75 2253 371 2307 benedictio
418 2275 536 2307 mea
579 2263 911 2307 convertatur
947 2257 1002 2305 in
1037 2254 1485 2320 maledictionem,
1537 2264 1587 2307 et
1630 2256 1758 2307 fiant
1806 2256 1916 2308 dies

75 2326 181 2375 mei
215 2326 398 2394 pauci,
450 2333 501 2376 et
537 2326 897 2394 episcopatum
946 2342 1122 2375 meum
1166 2326 1389 2393 accipiat
1435 2326 1577 2375 alter.
1649 2325 1918 2377 Recedant
1983 2362 1989 2367 .

77 2412 110 2444 a
145 2412 229 2444 me
267 2394 423 2444 amici
461 2395 563 2444 mei
601 2396 803 2463 sintque
843 2401 1097 2462 perpetuo
1146 2394 1363 2444 inimici.
1445 2394 1587 2444 Huic
1633 2412 1731 2462 ego
1780 2396 1912 2445 ciro-

76 2462 278 2531 grapho
319 2482 349 2513 a
386 2481 469 2513 me
520 2463 658 2514 edito
703 2464 757 2513 in
802 2464 1156 2513 testimonium
1202 2461 1581 2514 benedictionis
1627 2462 1711 2514 vel
1759 2463 1913 2515 male-

76 2532 319 2583 dictionis
373 2550 520 2583 meae
570 2532 842 2584 subscribo
890 2531 1177 2599 fratresque
1224 2540 1274 2583 et
1316 2530 1450 2582 filios
1496 2550 1640 2583 meos
1690 2541 1747 2584 ut
1796 2532 1915 2584 sub-

75 2602 306 2653 scribant
343 2619 486 2669 rogO.
559 2601 675 2669 Ego
712 2599 962 2652 Arnulfus
999 2601 1424 2670 archiepiscopus
1461 2602 1778 2670 subscripsi'.

145 2702 225 2753 61.
309 2700 561 2751 Arnulfus
611 2699 874 2752 libellumg
920 2718 986 2751 ex
1033 2707 1181 2769 parte
1226 2701 1452 2769 probatg
1499 2709 1549 2752 et
1594 2720 1660 2752 ex
1705 2709 1854 2770 parte

834 2771 1097 2838 vituperat
1114 2780 1150 2821 g.

215 2854 336 2919 Quo
371 2855 604 2917 recitate,
643 2872 674 2904 a
711 2854 894 2905 sinodo
932 2855 1321 2923 investigatur2,
1368 2872 1435 2904 an
1483 2853 1699 2906 alicuius
1736 2873 1910 2924 repre·
1932 2875 1963 2897 ο-
1993 2866 2026 2898 9-

73 2922 339 2975 hensionis
377 2931 468 2974 aut
504 2923 816 2974 defensionis
853 2924 960 2974 vim
1003 2923 1195 2975 habere
1238 2924 1493 2975 videa-tur.
1567 2924 1715 2974 Tunc
1758 2943 1911 2977 vene-

75 2991 253 3045 rabilis
291 2994 570 3062 episcopus
607 2991 872 3058 Arnulfus,
911 3010 970 3044 eo
1011 2992 1150 3062 quod
1188 2992 1416 3043 officium
1451 2993 1826 3062 interpretandi
1863 2995 1912 3044 ei

70 3063 418 3113 ‘commissum
455 3072 589 3114 erat:
639 3062 724 3113 <Et
759 3080 853 3131 pro
892 3061 976 3127 se',
1013 3063 1197 3130 inquit,
1250 3068 1332 3113 ‘ex
1367 3072 1514 3129 parte
1553 3062 1904 3114 defensionem

77 3132 307 3183 continet
377 3140 428 3184 et
497 3133 634 3183 vires
689 3149 756 3181 ex
808 3138 957 3200 parte
1010 3131 1473 3199 reprehensoribus
1527 3132 1906 3183 accommodat.

174 3264 211 3306 a)
239 3267 507 3298 innoxcentem
543 3266 650 3297 deleto
676 3275 712 3297 x.
861 3264 898 3305 b)
933 3264 1068 3305 Ratbo,
1103 3266 1190 3299 bell.
1227 3267 1398 3305 episcopi
1430 3266 1472 3306 L,
1509 3274 1709 3305 perperam
1738 3265 1780 3306 (2³)
1815 3266 1906 3298 absc.

71 3310 112 3353 -e)
134 3318 217 3352 post
243 3315 324 3347 add.
426 3315 462 3355 d)
491 3315 615 3346 medio
644 3316 675 3346 1.
785 3312 818 3352 e)
848 3314 913 3345 elli
941 3314 1011 3345 fide
1037 3314 1128 3346 absc.
1240 3313 1268 3353 f)
1292 3315 1341 3344 ica
1369 3324 1396 3346 c.
1511 3314 1548 3353 g)
1579 3315 1729 3346 bellum.
1758 3315 1907 3354 probat,

76 3362 156 3393 vitu
181 3363 273 3395 absc.

202 3441 246 3493 1)
286 3443 412 3482 Haec
455 3442 643 3482 fideliter
686 3442 903 3493 exscripta
945 3445 1044 3481 sunt
1086 3453 1138 3480 ex
1178 3442 1389 3481 Gerberto
1432 3455 1469 3481 c.
1504 3440 1546 3481 8.
1702 3439 1747 3487 2)
1780 3441 1907 3480 Haec

68 3499 290 3542 'Richerus
325 3516 376 3542 ex
403 3502 572 3543 Arnulfi
606 3503 802 3544 oratione
836 3502 1000 3542 sumsit.
