2240 3879
417 201 669 241 RICHERI
704 201 1116 243 HISTORIARUM
1148 202 1331 242 LIBER
1364 203 1451 244 111.
1811 204 1892 241 111

53 356 342 409 paucorum
403 346 526 388 tunc
572 339 810 390 notitiam
858 339 1132 407 pervenire
1177 339 1363 406 potuit,
1419 339 1548 389 adeo
1610 349 1668 390 ut
1717 351 1895 392 euntes

54 425 300 477 quorsum
350 408 626 458 nescirent.
699 407 936 458 Tandem
983 405 1230 458 collectus
1277 407 1538 458 exercitus
1584 409 1658 457 sic
1705 408 1894 460 densus

51 476 342 539 incedebat,
380 484 437 527 ut
474 485 644 528 erecta
682 475 887 527 hastilia
921 474 1099 525 lucum
1136 475 1309 542 potius
1337 492 1494 543 quam
1519 493 1665 526 arma
1691 488 1894 545 porten-

53 544 247 597 derent.
308 544 426 596 Ibat
463 564 588 613 ergo
627 564 722 613 per
760 562 952 595 cuneos
978 543 1233 594 simbolo¹
1264 544 1551 595 distinctos.
1610 544 1744 596 Cum
1769 566 1892 597 vcro

51 613 185 666 vada
209 613 391 665 Mosae
430 615 852 679 transmisissent,
893 613 1223 663 centuriones
1252 614 1518 664 constituti
1535 622 1554 645 a
1581 622 1630 665 et
1656 614 1894 682 dispositi

87 701 142 733 er
191 683 478 748 centurias,
519 683 765 735 Ottonem
813 700 919 732 non
961 681 1307 732 sufficientem
1355 681 1548 734 habere
1586 685 1891 750 exercitum,

48 701 322 819 diligenter
368 751 705 820 contemplati
743 759 877 801 sunt.
954 750 1176 819 Itaqueb
1215 750 1535 803 accedebant
1571 751 1892 821 multamque

45 821 276 890 inopiam
315 822 390 872 rei
428 820 663 872 militaris
700 819 842 887 apud
879 818 1082 870 hostem
1119 819 1480 888 predicabant.

186 892 266 942 70.
343 890 491 954 Quae
530 890 655 940 dum
692 889 760 940 ad
795 906 947 939 aures
975 887 1183 940 Ottonis
1221 889 1530 956 referuntur,
1568 890 1668 957 ille,
1708 899 1891 959 utpote

44 967 156 1011 erat
203 958 391 1010 audaci
439 960 637 1023 animo,
693 957 1002 1009 Lotharium
1055 977 1345 1027 numquam
1400 958 1529 1010 11300
1583 977 1890 1028 aggressum

42 1028 338 1097 respondit3
398 1047 495 1079 nec
542 1045 667 1078 vero
706 1028 759 1077 in
798 1045 916 1078 suas
952 1035 1127 1095 partes
1164 1028 1446 1079 adventare
1482 1031 1732 1096 potuisse,
1772 1048 1890 1080 cum

41 1115 138 1149 nec
178 1098 225 1148 ei
263 1098 416 1165 copia
454 1096 677 1148 militum
704 1096 981 1161 sufficeret,
1019 1115 1116 1148 1100
1144 1097 1208 1148 de
1235 1098 1341 1147 suis
1368 1098 1492 1148 satis
1519 1099 1631 1165 spei
1660 1098 1888 1150 haberet.

40 1165 113 1217 At
150 1184 268 1217 cum
304 1165 393 1216 alii
430 1172 586 1234 atque
626 1164 714 1217 alii
749 1165 1056 1217 Lotharium
1101 1167 1206 1216 iam
1245 1166 1428 1217 adesse
1479 1166 1713 1218 dicerent
1750 1176 1799 1218 et
1835 1168 1889 1218 in

42 1253 101 1287 eo
140 1243 560 1304 perseverarent,
610 1235 734 1287 Otto
782 1234 979 1286 dixisse
1027 1235 1205 1301 fertur,
1255 1254 1308 1287 se
1347 1236 1415 1285 ad
1451 1236 1530 1286 his
1570 1236 1888 1288 credendum

38 1303 177 1355 nullo
214 1303 370 1355 modo
407 1322 561 1371 posse
599 1303 753 1370 allici,
802 1305 904 1354 nisi
948 1305 1062 1373 ipse
1110 1322 1317 1373 quoque
1363 1304 1595 1356 videndo
1644 1325 1739 1374 per
1776 1324 1888 1358 sese

39 1373 345 1425 addisceret.
406 1374 572 1442 Equis
611 1392 733 1442 ergo
773 1372 1067 1425 inclamatis
1095 1382 1145 1425 et
1169 1374 1425 1440 adductis,
1466 1374 1590 1426 Otto
1619 1374 1686 1425 ad
1711 1375 1887 1426 viden-

40 1443 197 1494 dumc
252 1445 525 1511 processit.
622 1443 928 1494 Lotharium
991 1461 1110 1494 cum
1162 1444 1334 1494 ςΖΟΟΟΟ
1387 1444 1582 1495 instare
1644 1444 1884 1496 advertit.

40 1511 324 1580 Cogitabat
359 1512 536 1580 itaque
572 1531 712 1563 1111110
747 1513 915 1578 1011111,
961 1531 1102 1564 1111110
1142 1531 1350 1582 quoque
1397 1513 1463 1563 ad
1501 1521 1709 1582 tempus
1746 1532 1886 1565 rece-

39 1581 177 1647 dere,
218 1590 268 1632 et
303 1590 424 1649 post
462 1599 580 1632 cum
620 1582 855 1633 exercitu
893 1583 1105 1650 copioso
1143 1583 1334 1633 reverti
1371 1582 1737 1634 meditabatiu‘.

179 1651 259 1701 71.
332 1649 567 1702 Tandem
582 1651 619 1716 d,
658 1651 780 1720 quia
804 1650 1086 1701 Lotharius
1107 1652 1341 1720 urgebat,
1382 1660 1517 1702 stare
1554 1670 1659 1703 non
1696 1653 1883 1721 potuit.

36 1718 308 1770 Abscessit
345 1738 468 1787 ergo
506 1738 612 1770 non
637 1721 747 1770 sine
772 1720 1015 1785 lacrimis,
1057 1739 1176 1771 cum
1202 1739 1368 1771 uxore
1395 1720 1439 1770 T
1444 1721 1690 1789 euphanu
1715 1722 1884 1788 regni-

38 1807 137 1858 que
173 1789 520 1858 principibus,
559 1788 740 1841 relicto
790 1788 983 1858 palatio
1023 1797 1179 1858 atque
1217 1791 1362 1858 regio
1402 1799 1660 1858 apparatu
1675 1792 1712 1840 (¹.
1784 1791 1883 1842 Lo-

35 1858 231 1910 tharius
271 1875 389 1908 cum
428 1859 662 1910 exercitu
697 1859 859 1924 affuit,
900 1857 1146 1910 Ottonem
1186 1877 1239 1910 se
1278 1866 1556 1927 capturum
1593 1868 1752 1911 ratuS.
1814 1860 1884 1911 Et

37 1936 174 1980 certe
202 1928 474 1995 coepisset,
513 1928 556 1978 si
593 1929 647 1978 in
684 1928 868 1979 itinere
906 1946 1020 1979 sese
1048 1930 1307 1980 exercitus
1334 1929 1564 1996 angariis
1590 1946 1695 1978 non
1720 1929 1883 1997 impe-

36 1996 209 2048 disset.
280 1997 417 2047 Nam
455 1999 499 2048 si
535 2004 654 2048 ante
692 1998 802 2049 eius
852 1996 1139 2048 discessum
1187 1997 1356 2066 pridie
1400 1997 1715 2063 advenisset,
1763 2017 1882 2049 eum

36 2075 124 2117 aut
183 2083 372 2135 capere
432 2075 522 2117 aut
575 2067 693 2117 neci
748 2066 872 2117 dare
926 2067 1197 2135 potuisset.
1288 2065 1547 2118 Palatium
1601 2068 1762 2134 igitur
1815 2066 1879 2118 ab

34 2133 272 2186 hostibus
325 2142 624 2205 occupatur.
713 2136 910 2204 Regiae
957 2154 1170 2187 mensae
1225 2143 1541 2188 evertuntur.
1628 2136 1882 2188 Ciborum

34 2211 316 2273 apparatus
366 2223 461 2273 per
510 2204 716 2257 calones
768 2205 1028 2273 diripitur.
1103 2206 1269 2273 Regia
1317 2223 1525 2275 quoque
1571 2206 1800 2273 insignia
1848 2224 1879 2257 a

27 2273 383 2342 penetralibus
432 2282 614 2343 erepta
662 2281 1009 2344 asportantur.
1082 2274 1311 2325 Aeream
1359 2273 1604 2343 aquilam,
1656 2293 1788 2344 quae
1826 2277 1879 2325 in

29 2343 224 2394 vertice
260 2341 443 2411 palatii
480 2362 510 2394 a
546 2342 746 2394 Karolo
796 2343 992 2411 Magno
1047 2344 1153 2394 acsi
1190 2342 1374 2394 volans
1424 2344 1532 2394 fixa
1582 2353 1692 2395 erat
1707 2355 1742 2410 e,
1791 2346 1876 2394 *in

28 2410 329 2463 vulturnum
377 2421 757 2464 converterunt.
831 2411 967 2462 Nam
1020 2412 1270 2463 Germani
1318 2431 1435 2463 eam
1484 2413 1538 2463 in
1583 2412 1877 2465 favoniumt

29 2488 406 2547 converterant,
445 2479 703 2532 subtiliter
721 2482 1091 2548 significantes,
1122 2480 1301 2532 Gallos
1334 2499 1426 2532 suo
1455 2482 1690 2550 equitatu
1717 2500 1876 2551 quan-

30 2548 203 2618 doque
239 2567 394 2618 posse
441 2549 649 2601 devinci
666 2560 701 2601 2.
773 2549 1068 2614 Lotharius,
1105 2549 1297 2601 frustra
1331 2551 1532 2619 impetu
1567 2550 1703 2602 facto
1716 2591 1728 2617 ,
1768 2554 1876 2603 sine

31 2618 211 2669 obside
249 2618 333 2670 vel
370 2636 499 2687 pace
538 2626 807 2688 sequestra
844 2620 1132 2670 exercitum
1168 2619 1394 2685 reduxit,
1433 2627 1615 2688 postea
1653 2638 1707 2672 se
1744 2620 1876 2672 redi-

28 2693 203 2738 turum
241 2688 524 2739 confidens

169 2757 232 2808 72
247 2766 284 2807 g.
360 2757 500 2822 Otto,
539 2757 623 2807 cui
659 2764 825 2807 totum
864 2756 1174 2808 calamitatis
1211 2756 1419 2827 pondus
1456 2755 1655 2809 illatum
1694 2758 1876 2825 fuerat,

30 2824 180 2876 donis
217 2825 594 2895 multiplicibus
632 2824 912 2895 multisque
947 2825 1215 2877 favoribus
1255 2845 1375 2878 suos
1414 2826 1515 2878 sibi
1539 2826 1876 2879 assciscebat.

29 2893 101 2944 Et
135 2902 315 2963 utpote
351 2895 596 2948 vincendi
634 2895 885 2964 cupidus,
935 2896 978 2945 si
1018 2913 1149 2964 quos
1195 2894 1398 2961 leserat,
1437 2895 1734 2964 revocabat,
1785 2906 1877 2949 aut

31 2962 234 3015 reddito
275 2964 415 3033 quod
454 2963 748 3030 sustulerat,
787 2972 878 3015 aut
915 2964 1036 3015 dato
1065 2964 1208 3034 quod
1233 2965 1602 3034 spoponderat.
1662 2966 1873 3018 Pacatis

31 3040 203 3084 autem
251 3033 492 3085 omnibus
529 3041 684 3103 atque
730 3033 832 3084 sibi
868 3036 1141 3101 revocatis,
1192 3036 1235 3085 si
1282 3037 1372 3104 qui
1408 3034 1575 3086 forteh
1613 3036 1873 3088 abscesse-

29 3107 158 3218 fant,
212 3120 496 3171 regnorum
550 3103 879 3172 principibus
934 3103 988 3153 in
1041 3121 1204 3154 unum
1254 3103 1510 3170 collectis,
1567 3121 1744 3156 coram
1796 3105 1871 3155 sic

51 3177 233 3222 ocutus
269 3180 373 3223 est:

129 3302 166 3345 a)
193 3305 221 3336 ti
249 3309 285 3337 et
310 3306 345 3336 (1.
374 3315 390 3336 e
416 3314 509 3337 corr.
611 3303 649 3346 b)
680 3305 893 3338 centuriati
919 3307 945 3341 i.
973 3307 1005 3338 1.
1094 3304 1128 3346 c)
1158 3315 1242 3338 cum
1269 3307 1506 3347 principibus
1534 3308 1614 3340 add.
1646 3309 1675 3338 1.
1768 3305 1804 3346 d)
1834 3307 1871 3338 in

33 3359 143 3390 mara.
171 3358 412 3392 aryumencum
438 3354 604 3385 deletum:
632 3353 798 3396 F(uga..
816 3378 823 3385 .
841 3354 881 3394 .).
983 3352 1018 3395 e)
1047 3363 1119 3387 voc.
1148 3363 1300 3387 erasum.
1378 3356 1407 3396 f)
1439 3357 1478 3387 in
1508 3355 1637 3387 Gallos
1664 3357 1695 3396 1,
1723 3364 1817 3388 corr.
1835 3356 1868 3387 2.

32 3397 70 3439 g)
91 3397 151 3432 *Ed*
171 3401 209 3432 in
236 3411 345 3440 marq.
445 3401 483 3444 h)
509 3403 533 3434 f.
563 3403 690 3434 animo
722 3405 753 3436 1.

155 3477 200 3530 1)
233 3478 261 3521 i.
296 3493 329 3521 e.
363 3479 539 3521 vexiuo.
666 3479 714 3533 2)
750 3481 814 3522 cf.
848 3481 1039 3522 Thietm.
1071 3481 1156 3534 111,
1193 3483 1234 3532 6,
1266 3458 1313 3536 p]
1346 3483 1446 3523 761.

1913 359 1996 392 978.

1896 2360 1908 2374 ⁸
1923 2364 1986 2396 fol:
2017 2364 2089 2397 38⁴.
