2240 3879
153 380 234 414 995.

57 1212 69 1227 ‘
86 1225 120 1256 p.
152 1214 234 1248 654.

58 1634 71 1648 ⁸
86 1637 149 1669 fol.
178 1634 236 1669 55.

254 231 340 269 174
647 228 902 270 RICHERI
934 226 1354 270 HISTORIARUM
1385 227 1570 268 LIBER
1602 228 1715 275 1111:

251 367 503 420 dubitas?
577 366 721 432 Quid
767 385 892 435 ergo
941 375 1020 418 est
1065 366 1262 418 credita
1306 365 1442 418 nolle
1478 366 1727 433 reddere,
1775 368 1879 419 nisi
1926 376 2112 420 contra-

251 455 402 506 reges
439 436 667 488 infausta
703 435 911 488 moliri‘?
983 436 1399 488 Evidentissime
1445 435 1607 487 fidem
1650 436 1937 506 abrupisti,
1985 455 2108 488 cum

252 506 398 576 apud
426 506 676 558 Ottonem
701 505 767 558 de
792 524 978 575 regum
1003 506 1219 558 interitu
1256 506 1494 557 tractasti
1530 523 1818 576 eorumque
1854 506 2109 558 honorem

253 576 507 628 subruere
543 576 830 644 temptasti.
903 575 1061 627 Unde
1100 584 1150 627 et
1186 575 1406 644 periurii
1440 582 1592 627 reatu
1617 575 1880 628 detineris.
1942 576 2113 645 Lega-

251 647 451 698 tionem
489 647 681 696 etiama
718 653 993 714 tamquam
1031 645 1097 697 ab
1137 646 1210 696 eis
1241 646 1458 695 missam
1486 644 1670 697 Ottoni
1700 646 1813 714 regi
1850 644 2112 714 pertulisti

253 732 316 766 ac
341 714 485 783 apud
512 732 631 765 eum
660 712 840 765 dolose
879 713 1146 780 ordinasti,
1185 723 1242 766 ut
1277 715 1391 783 ipse
1431 732 1550 765 cum
1581 715 1801 783 paucis*
1839 714 2115 766 adveniret

254 792 305 837 et
359 783 583 835 militum
644 782 1036 835 multitudinem
1096 785 1235 835 nonb
1296 784 1451 853 longe
1513 783 1818 854 expeditam
1876 783 2112 836 haberet.

251 852 490 921 Regibus
518 870 727 922 quoque
764 853 955 905 nostris
981 853 1283 906 adversario
1323 871 1443 904 cum
1480 853 1665 923 paucis
1696 871 1970 905 occurrere
1996 871 2114 904 sua-

253 923 367 973 sisti
404 929 561 991 atque
587 921 716 973 nihil
741 921 865 973 mali
892 940 960 973 ex
985 923 1086 974 hoc
1111 931 1495 992 proventurum
1528 923 1877 993 spopondisti.
1956 921 2115 973 Hanc

257 992 414 1043 etiam
455 990 857 1043 collocutionem
903 993 1170 1062 utrimque
1206 992 1485 1044 utillimam
1521 992 1658 1058 fieri,
1697 992 1941 1058 dicebaS,
1991 1010 2114 1043 cum

252 1061 347 1112 hos
386 1070 437 1113 et
472 1060 620 1113 illum
658 1061 723 1112 de
773 1062 1142 1114 communibus
1188 1071 1241 1114 et
1287 1063 1506 1132 privatis
1551 1061 1911 1114 familiariter⁰
1958 1059 2114 1113 collo-

254 1139 466 1183 cuturos
506 1130 805 1183 simulabas
877 1131 1078 1184 Verum
1115 1130 1302 1184 aliterd
1339 1131 1437 1184 tibi
1473 1133 1646 1183 visum
1683 1140 1818 1198 erat,
1858 1149 1978 1183 cum
2014 1130 2116 1183 hoc

252 1200 372 1252 ideo
420 1200 822 1270 pretendebase,
867 1210 925 1253 ut
962 1202 1028 1254 ab
1069 1201 1264 1254 Ottone
1312 1220 1436 1270 rege
1471 1202 1750 1253 *dominos
1796 1210 1917 1254 tuos
1962 1219 2113 1270 reges

255 1270 632 1340 comprehendi
685 1270 886 1323 faceres
952 1289 1285 1340 regnumque
1338 1272 1667 1323 Francorum
1712 1272 1769 1322 in
1821 1272 1903 1322 ius
1950 1269 2122 1322 illiusf

252 1339 660 1406 transfundereS,
698 1348 757 1392 ut
793 1348 849 1392 tu
886 1340 1132 1392 videlicet
1167 1342 1457 1393 Remorum
1494 1340 1947 1412 metropolitanUS,
1992 1339 2113 1393 Odo

253 1427 377 1461 vero
415 1410 745 1460 Francorum
782 1410 894 1461 dux
930 1409 1229 1463 haberetur.
1311 1410 1481 1479 quue
1527 1419 1653 1462 tunc
1699 1410 1853 1462 nobis
1900 1410 2115 1462 omnino

252 1480 439 1547 patuit,
478 1479 571 1531 sed
607 1479 675 1530 ad
709 1486 918 1549 tempus
957 1498 1298 1549 suppressum
1336 1480 1450 1532 fuit.
1523 1480 1596 1532 Et
1634 1483 1662 1531 ὃ
1702 1497 1938 1531 summae
1964 1479 2117 1531 Divi-

254 1549 433 1599 nitatis
480 1549 871 1600 miserationem
920 1548 1350 1615 inestimabilem,
1402 1551 1612 1618 quantis
1663 1549 1888 1600 miseriis
1932 1549 2119 1617 erepti,

258 1625 453 1687 quanto
482 1617 742 1669 *ludibrio
770 1618 1028 1669 subtracti
1055 1619 1261 1671 sumus!
1306 1619 1474 1671 Instat
1510 1628 1737 1688 tempUS,
1769 1636 1873 1688 quo
1899 1626 2117 1687 paratae

254 1686 477 1738 insidiae
530 1687 777 1739 effectum
823 1689 1151 1756 promittunt.
1241 1687 1501 1758 Episcopi
1550 1689 1744 1741 etenim
1790 1688 1888 1740 sub
1939 1688 2117 1758 specie

253 1756 522 1825 religionis
560 1758 670 1808 acsi
707 1757 772 1809 de
808 1759 1141 1828 promotione
1179 1765 1230 1811 et
1265 1758 1636 1811 abdicatione&
1676 1757 1924 1810 Gerberti
1959 1765 2118 1827 atque

253 1825 461 1878 Arnulfi
499 1828 873 1896 episcoporum
913 1829 1228 1896 quaesituri,
1278 1829 1548 1898 premissis
1585 1827 1773 1896 legatis
1811 1826 2115 1879 adveniunt.

255 1895 381 1948 Otto
422 1915 632 1967 quoque
668 1915 765 1949 rex
800 1897 952 1950 Metti
1000 1897 1165 1950 adest.
1243 1895 1293 1949 A
1342 1916 1444 1967 quo
1493 1916 1601 1949 non
1647 1897 1804 1966 longe
1852 1897 2116 1949 exercitus

255 1965 503 2017 collectus
560 1966 882 2036 predicatur.
984 1966 1043 2019 Si
1094 1985 1221 2035 ergo
1270 1969 1437 2034 imus,
1488 1976 1580 2019 aut
1623 1966 1982 2038 pugnabimus
2027 1973 2120 2018 aut

255 2036 540 2104 capiemur.
616 2035 674 2087 Si
710 2055 835 2088 vero
872 2055 979 2088 non
1015 2037 1181 2103 imUS,
1233 2037 1453 2106 periurii
1499 2055 1801 2106 arguemur.
1888 2035 1996 2089 Sed
2039 2037 2117 2088 ire

252 2123 403 2174 reges
439 2123 545 2156 non
583 2105 815 2175 expedit,
856 2124 917 2157 eo
959 2106 1101 2175 quod
1137 2105 1362 2157 militum
1400 2108 1554 2176 copia
1592 2107 1860 2159 sufficiens
1899 2107 1973 2159 eis
2009 2123 2118 2157 non

254 2175 336 2226 sit.
419 2175 646 2226 Periurii
692 2194 817 2227 vero
864 2184 1041 2228 reatus
1091 2176 1146 2226 in
1192 2183 1244 2228 te
1292 2175 1632 2243 redundabit,
1690 2194 1809 2228 cum
1864 2184 1922 2228 tu
1975 2174 2116 2228 solus

252 2243 470 2313 regibus
507 2245 699 2296 nesciis
736 2246 937 2297 iuratus
976 2244 1076 2297 sis'.

394 2344 476 2396 98.
550 2344 638 2395 Ad
673 2343 803 2395 haec
851 2346 1132 2414 episcopus
1182 2343 1527 2410 erubescenS,
1578 2342 1854 2396 obmutuit.
1941 2343 2115 2409 Quem

255 2431 375 2465 cum
415 2432 551 2464 unus
589 2432 804 2465 suorum
842 2413 924 2465 his
963 2415 1274 2467 exterritum
1311 2414 1473 2481 vidit,
1512 2422 1695 2467 contra
1731 2414 1862 2466 haec
1898 2431 2115 2483 respon-

254 2501 405 2534 surus
463 2486 692 2535 surrexit
746 2492 797 2535 et
854 2485 930 2535 sic
980 2483 1373 2536 oblocutoremh
1431 2483 1653 2536 adorsus
1713 2491 1814 2536 est:
1888 2482 2114 2535 ‘Horum

254 2553 487 2604 omnium
520 2553 769 2621 obiector,
807 2553 937 2605 mihi
972 2553 1258 2624 loquaturi.
1330 2553 1554 2621 Adsum,
1593 2555 1684 2624 qui
1714 2572 1811 2623 pro
1838 2553 2114 2605 criminato

250 2623 510 2675 rationem
547 2622 729 2674 reddo·
801 2623 955 2675 Unus
991 2631 1198 2675 tantum
1234 2623 1364 2675 haec
1389 2623 1637 2694 proferat.
1700 2624 1875 2694 Caput
1903 2640 2113 2693 quoque

253 2710 407 2743 suum
444 2709 562 2743 meo
603 2693 812 2745 obiciat.
885 2694 1054 2745 Arma
1092 2711 1300 2763 quoque
1337 2694 1495 2745 armis
1534 2701 1820 2762 comparet.
1891 2693 2114 2745 Necnon

253 2770 304 2813 et
340 2762 478 2812 vires
515 2762 719 2814 viribus
759 2762 1022 2818 conferat⁷.
1083 2763 1243 2815 Hunc
1267 2780 1364 2832 pro
1397 2763 1610 2815 domino
1638 2781 1731 2815 suo
1762 2763 2112 2814 insanientem

253 2838 304 2882 et
323 2830 585 2882 fervidum
604 2831 898 2884 Landricus
925 2844 1131 2885 comes¹
1163 2833 1238 2884 sic
1269 2831 1579 2902 alloquitur:
1631 2832 1695 2884 ‘O
1719 2834 1916 2902 optime
1942 2830 2109 2897 miles,

251 2899 438 2950 harum
485 2908 542 2951 ut
575 2900 729 2952 video
768 2901 1035 2953 fraudium
1121 2903 1292 2954 enitus
1340 2920 1394 2953 es
1431 2904 1646 2970 ignarus
1662 2903 1704 2951 k.
1775 2902 1942 2968 Quae,
1988 2899 2111 2952 licet

252 2978 303 3022 te
341 2970 631 3038 ignorante,
669 2979 848 3022 tamen
884 2980 942 3023 ut
977 2990 1070 3041 pre
1112 2973 1319 3024 icantur
1357 2973 1625 3041 quaesitae
1665 2980 1800 3024 sunt.
1865 2969 2024 3024 Unde
2060 2976 2113 3022 et

251 3047 492 3108 tempera
529 3041 793 3100 animum,
837 3041 1024 3109 mitiga
1059 3041 1338 3094 fervorem.
1410 3040 1565 3093 Bellil
1601 3042 1968 3093 necessitatem
2004 3057 2112 3090 non

251 3108 348 3160 tibi
384 3109 641 3177 imponas,
716 3109 836 3161 Non
872 3119 922 3162 te
960 3110 1228 3180 impellas,
1279 3110 1420 3163 unde
1471 3113 1738 3180 ingressus
1784 3108 1956 3162 redire
2002 3126 2111 3160 non

375 3227 412 3281 ¹¹)
447 3230 505 3270 ad
539 3228 686 3270 locum
722 3230 839 3283 quod
873 3230 1122 3271 Mosomum
1156 3231 1406 3285 appellatur
1438 3231 1543 3274 add.
1582 3232 1619 3274 1.

351 3317 388 3359 a)
417 3327 579 3358 namque
608 3322 640 3351 1.
748 3318 791 3360 b)
820 3330 856 3353 n.
885 3321 910 3353 l.
941 3321 1024 3351 aliis
1049 3322 1298 3362 superscriptis
1325 3322 1481 3362 deletum,
1508 3322 1568 3353 sed
1593 3322 1662 3352 illis
1689 3320 1871 3361 expunctis
1896 3320 2108 3353 restitutum.
2179 3346 2185 3350 .

254 3366 287 3406 c)
317 3368 385 3399 c.f.
407 3370 440 3400 1.
567 3366 605 3408 d)
635 3376 666 3399 a.
695 3368 733 3399 id
762 3370 792 3402 1.
929 3368 965 3410 e)
992 3371 1224 3410 pretndebas
1252 3380 1282 3404 c.
1415 3371 1442 3412 f)
1470 3371 1627 3403 alterius
1654 3369 1872 3402 transfundi
1898 3369 2045 3402 faceres
2073 3369 2107 3400 1.

252 3414 289 3453 g)
320 3424 354 3446 a.
385 3417 650 3456 episcoporum
680 3416 724 3449 G.
756 3419 789 3450 1.
914 3417 953 3459 h)
983 3428 1011 3450 s.
1039 3419 1187 3451 locutus
1215 3428 1250 3453 e.
1282 3421 1314 3452 1.
1439 3417 1466 3461 i)
1496 3419 1669 3451 intendat
1698 3420 1731 3451 1.
1864 3416 1904 3459 k)
1933 3419 2109 3458 ignarum

252 3472 343 3496 corr.
375 3465 531 3503 ignarus
562 3468 593 3500 1.
694 3464 722 3506 1)
751 3466 807 3498 Ne
834 3467 967 3507 impon
992 3468 1099 3498 scribi
1125 3472 1294 3508 coeptum.

378 3542 424 3596 1)
457 3545 597 3586 Filius
630 3545 828 3586 Bodonis
864 3547 1036 3588 comitis
1069 3547 1370 3589 Nivernensis.
