2240 3879
475 184 727 225 RICHERI
760 184 1175 226 HISTORIARUM
1207 185 1388 225 LIBER
1420 186 1530 226 1111.
1840 187 1923 226 155

219 322 300 372 54.
376 319 570 372 Contra
606 321 736 373 haec
774 339 891 374 cum
929 320 1141 390 quidam
1166 320 1504 372 residentium
1528 323 1917 391 responderent,
1943 338 2028 370 991.

78 389 377 442 huiusmodi
413 389 676 441 hominem
727 393 1061 459 quantotiusa
1108 390 1525 441 convincendum
1571 401 1622 442 et
1665 394 1738 442 sic
1781 395 1917 443 iusto
1933 387 2103 467 {235¹}
2139 434 2158 466 3

78 459 262 511 iuditio
311 459 684 527 punienduml,
736 461 984 529 Siguinus
1041 461 1319 527 episcopus
1373 477 1479 510 non
1529 459 1583 509 id
1639 478 1750 511 sese
1803 480 1918 530 per·
2041 457 2048 465 ’
2102 460 2109 466 ’
2165 457 2174 466 “

78 530 361 579 missurum
398 529 681 598 respondit,
720 537 777 580 ut
811 532 871 594 is,
911 529 1000 598 qui
1036 529 1321 579 maiestatis
1346 545 1464 579 reus
1490 538 1781 596 accusatur,
1820 531 1916 582 sub

81 596 392 648 discutiendi
430 615 648 649 censura
682 608 923 667 ponatur,
961 597 1060 647 nisi
1096 606 1214 648 ante
1243 616 1309 648 ex
1333 597 1666 648 iureiurando
1695 601 1914 667 promis-

81 668 279 718 sionem
314 666 666 735 indulgentiae
704 668 769 719 ab
806 666 1018 734 regibus
1057 674 1107 716 et
1144 668 1404 736 episcopis
1441 668 1681 736 accipiat.
1749 667 1917 736 quue

77 735 376 788 faciendum
422 737 685 788 asserebat.
735 754 802 787 ex
847 733 1052 786 concilii
1095 735 1335 787 Toletani
1381 738 1550 805 eapite
1587 738 1669 789 31.
1745 736 1919 804 Quod,

81 806 204 875 quia
241 803 482 858 brevitati
519 805 804 871 studemus,
849 805 1117 855 omisimus
1155 823 1365 874 ponere.

240 935 351 986 54&
426 934 837 986 Sermoeinatioh
875 933 1148 985 Daibertib
1185 935 1314 1002 prob
1351 934 1535 985 iuditio
1574 935 1762 988 dando.

215 1019 500 1071 Daibertus
550 1019 958 1070 Bituricensium
1007 1018 1466 1086 archiepiscopus0
1511 1019 1707 1071 dixit2:
1766 1020 1920 1072 ‘Cum
1942 1052 1972 1076 e.
2002 1043 2037 1074 4.

79 1097 279 1139 constet
315 1087 527 1154 factum,
578 1099 628 1139 et
664 1088 728 1138 de
766 1088 974 1139 nomine
1010 1087 1133 1138 facti
1170 1087 1423 1138 dubitatio
1462 1088 1601 1140 nulla
1639 1091 1719 1154 sit,
1760 1108 1919 1159 quan-

77 1166 189 1209 tum
228 1175 435 1227 quoque
471 1157 671 1208 facinus
708 1156 1079 1226 perpendatur,
1117 1157 1378 1226 quomodo
1406 1176 1473 1208 ex
1497 1161 1803 1210 necessitate
1830 1177 1918 1210 reo

80 1229 147 1277 sit
182 1225 573 1294 indulgendum,
624 1228 831 1295 penitus
870 1244 974 1276 non
1010 1226 1242 1277 adverto.
1314 1225 1420 1276 Hic
1469 1230 1609 1278 enim
1654 1230 1917 1279 incurrere

77 1297 363 1347 necessitas
399 1295 620 1360 videtur,
659 1313 778 1346 cum
814 1295 1057 1346 iuditium
1092 1294 1534 1365 promulgandum
1569 1316 1676 1348 non
1701 1300 1781 1364 sit,
1821 1299 1923 1348 nisi

78 1366 224 1434 prius
263 1383 324 1415 su
364 1363 507 1433 plicii
543 1363 866 1432 indulgentia
893 1365 1249 1416 convincendo
1278 1381 1524 1416 concessa
1548 1366 1717 1418 fuerit.
1780 1367 1852 1417 At
1879 1368 1921 1417 si

78 1434 144 1485 ad
194 1452 303 1486 secr
337 1436 447 1485 aria
493 1436 609 1485 iura
661 1436 992 1503 respiciatur,
1051 1434 1421 1503 quodcumque
1476 1435 1645 1487 scelus
1701 1438 1922 1505 quisque

80 1505 413 1569 commiserit,
453 1503 774 1555 secundumd
809 1502 1016 1555 sceleris
1043 1503 1257 1555 modum
1283 1506 1631 1572 poenitentiae
1658 1507 1923 1557 severitati

78 1572 399 1625 subiacebit’.

217 1643 298 1694 55.
370 1641 665 1693 Herivevus
701 1641 1039 1694 Belvacensis
1078 1644 1352 1711 episcopus
1391 1643 1551 1695 dixit:
1597 1642 1923 1695 ‘Cavendum

79 1729 408 1780 summopere
463 1720 565 1776 est,
621 1730 686 1763 ne
737 1710 879 1778 leges
928 1712 1130 1763 divinas
1186 1711 1481 1763 forensibus
1539 1732 1920 1782 comparemus.

77 1779 367 1832 Plurimum
406 1781 580 1831 enimd
617 1798 647 1830 a
685 1799 738 1832 se
776 1781 1031 1845 differunt,
1074 1800 1194 1832 611111
1221 1781 1515 1833 divinarum
1542 1784 1607 1833 sit
1633 1783 1697 1834 de
1724 1782 1921 1835 aeccle-

78 1851 298 1901 siasticis
336 1851 558 1918 negotiis
594 1858 817 1902 tractare
854 1860 904 1902 et
944 1850 1256 1901 secularium
1303 1850 1623 1903 secularibus
1668 1851 1923 1903 adhiberi.

80 1919 319 1984 Quarum
366 1922 566 1987 primae
614 1928 756 1970 tanto
807 1920 1062 1971 secundas
1108 1928 1370 1988 superant,
1424 1931 1617 1990 quanto
1665 1922 1926 1973 secundae

78 1991 261 2058 primis
296 1989 565 2040 inferiores
603 1998 736 2040 sunt.
798 1989 951 2040 Unde
990 1998 1040 2041 et
1076 1989 1265 2041 divinis
1290 2008 1384 2058 per
1411 1992 1584 2041 onmia
1611 2009 1734 2042 suus
1760 1991 1927 2042 honor

81 2058 369 2110 servandus
407 2067 497 2109 est.
555 2057 613 2109 Si
649 2076 771 2127 ergo
808 2059 968 2110 frater
1005 2067 1055 2110 et
1091 2060 1434 2127 coepiscopus
1472 2068 1650 2112 noster
1675 2060 1927 2112 Arnulfus

80 2129 364 2179 maiestatis
401 2146 519 2179 reus
557 2129 828 2179 convictus
867 2127 1036 2194 fuerit,
1074 2146 1169 2196 pro
1210 2128 1518 2180 sacerdotali
1554 2131 1846 2181 reverentia
1878 2138 1928 2181 et

82 2198 350 2266 sanguinis
396 2196 647 2249 affinitate
696 2215 726 2248 a
775 2199 1118 2249 serenissimis
1166 2198 1381 2266 regibus
1417 2197 1796 2267 indulgendum
1833 2199 1923 2250 ali-

83 2276 338 2335 quatenus
373 2285 478 2317 non
515 2267 704 2318 abnuo.
765 2266 945 2318 Iuditii
980 2275 1157 2318 tamen
1195 2269 1539 2318 sententiame
1580 2271 1790 2319 0111111110
1817 2287 1923 2319 non

82 2336 322 2404 effugiet,
379 2337 422 2386 si
476 2353 570 2386 sua
625 2336 948 2387 confessione
1001 2336 1248 2404 indignus
1305 2336 1615 2389 sacerdotali
1670 2337 1924 2406 dignitate
1986 2361 1993 2366 ·

82 2405 526 2457 manifestabitur’.

375 2518 457 2568 56.
529 2517 856 2586 Indignatiof
887 2518 1180 2569 Brunonisf
1211 2520 1266 2569 in
1301 2516 1624 2570 Arnulfiuns.

221 2602 398 2653 Bruno
417 2601 766 2670 Lingonensis
787 2603 1065 2671 episeopus
1086 2602 1243 2653 dixit:
1265 2603 1436 2654 ‘Hunc
1456 2604 1594 2656 unde
1614 2604 1697 2654 hic
1711 2604 1733 2636 ‘¹
1754 2622 1925 2656 sermo
1947 2629 1976 2651 c.
2005 2619 2037 2651 5.

83 2670 306 2723 habetur
341 2673 397 2721 in
432 2670 526 2721 has
565 2672 799 2722 miserias
836 2673 1176 2739 precipitasse
1206 2672 1404 2738 videor,
1444 2690 1562 2723 611111
1589 2682 1771 2724 contra
1796 2672 1923 2724 mul-

83 2750 257 2792 torum
292 2741 551 2792 bonorum
586 2748 708 2791 vota
752 2740 820 2791 ad
868 2740 1078 2791 honoris
1134 2742 1338 2792 culmen
1385 2744 1619 2810 provexi.
1711 2742 1782 2793 Et
1826 2742 1928 2794 1106

85 2829 192 2862 11011
228 2809 394 2861 solum
430 2818 647 2878 propter
682 2811 852 2860 carnis
890 2809 1194 2861 affinitatem
1233 2810 1396 2876 effeci,
1443 2811 1535 2862 sed
1573 2813 1729 2863 etiam
1766 2820 1823 2863 ut
1860 2812 1929 2863 ad

86 2879 313 2931 melioris
349 2880 486 2930 vitae
525 2887 717 2930 statum
751 2878 896 2929 illum
933 2878 1271 2945 attraherem,
1319 2897 1438 2930 611111
1475 2898 1580 2931 11011
1614 2883 1926 2949 ignorarem,

86 2951 261 3018 ipsum
284 2947 646 2999 Laudunensis
671 2947 815 2999 urbis
842 2965 1180 3017 pervasorem
1216 2951 1402 3018 *atque
1433 2950 1662 3002 nefariae
1687 2950 1927 3002 factionis
1945 2960 1957 2973 ‘
1976 2972 2010 3003 1).
2040 2961 2122 2996 645.

87 3019 424 3070 temerarium
471 3018 790 3086 principem3
847 3016 943 3069 sub
997 3018 1108 3068 iure
1163 3018 1463 3088 cirographi
1509 3020 1720 3088 regibus
1765 3019 1926 3072 fidem

92 3086 462 3156 spopondisse,
500 3105 595 3155 pro
632 3086 774 3138 nullo
809 3087 1055 3156 preterito
1093 3095 1184 3138 aut
1206 3086 1380 3139 futuro
1408 3098 1732 3140 sacramento
1760 3088 1921 3141 fidem

189 3241 226 3284 a)
255 3251 367 3282 quam
393 3243 466 3274 cito
498 3244 531 3274 1.
647 3240 687 3283 b)
717 3242 860 3283 Sermo,
888 3243 984 3275 berti
1010 3252 1090 3284 pro,
1118 3243 1165 3275 da
1191 3244 1306 3281 absc.;
1335 3243 1462 3276 Oratio
1489 3245 1534 3276 D.
1564 3247 1595 3276 l.
1711 3244 1744 3285 c)
1772 3247 1819 3277 D.
1852 3248 1929 3286 epi-

94 3300 228 3332 seopus
256 3293 289 3325 1.
391 3291 428 3332 d)
451 3296 534 3331 post
559 3291 641 3324 add.
743 3291 776 3331 6)
806 3293 1045 3324 severitatem
1074 3294 1104 3324 1.
1205 3291 1234 3332 f)
1262 3293 1344 3334 Ind,
1370 3294 1460 3334 Bru,
1486 3293 1721 3334 iai-(nulfum)
1749 3295 1845 3327 absc.

214 3399 259 3453 1)
291 3401 417 3441 Haeo
449 3401 661 3442 Richerus
695 3400 880 3442 addidit.
990 3399 1037 3453 2)
1072 3402 1289 3443 Orationis
1322 3415 1497 3442 sensum
1530 3401 1612 3441 hoc
1647 3406 1690 3442 et
1722 3405 1927 3456 sequenti

100 3471 195 3512 cap.
228 3466 379 3501 auctor
411 3463 608 3502 mutavit.
