2240 3879
387 229 637 270 RICHERI
670 228 1084 269 HISTORIARUM
1116 227 1297 266 LIBER
1330 210 1419 266 111.
1799 227 1885 266 105

51 367 280 440 pendere
315 368 428 435 ipse
465 365 670 418 facilius
706 374 901 435 posset,
948 382 1016 415 an
1050 371 1191 414 recte
1229 363 1273 413 is
1323 371 1541 430 saperet,
1594 364 1682 431 qui
1720 363 1885 431 philo-

55 436 264 506 sophari
299 435 590 494 videbatur,
629 444 807 504 utpote
845 435 899 484 in
936 451 997 484 eo
1037 431 1177 500 quod
1214 430 1509 481 divinarum
1551 440 1602 483 et
1637 430 1886 482 humana-

50 524 162 559 rum
203 505 472 556 scientiam
510 504 799 573 profitetur.
884 503 1131 553 Directus
1168 501 1346 569 itaque
1398 509 1474 551 est
1509 500 1702 550 Remos
1745 500 1886 552 Saxo

53 574 282 644 quidam,
346 575 435 643 qui
490 573 556 624 ad
610 573 738 624 haee
792 571 1070 623 videbatur
1123 568 1360 620 idoneus.
1450 569 1503 619 Is
1562 586 1682 619 cum
1734 569 1885 620 scolis

50 645 321 695 interesset
358 650 408 693 et
444 652 595 693 caute
633 659 884 709 generum
922 638 1202 689 divisiones
1241 656 1271 688 a
1310 636 1567 689 Gerberto
1607 638 1888 707 dispositas

53 711 332 779 colligeret,
371 712 425 761 in
463 729 524 763 ea
558 720 737 762 tamen
773 709 1002 760 maxime
1028 707 1300 772 divisione,
1340 725 1475 776 quae
1501 706 1886 777 philosophiam

49 781 117 833 ad
152 780 365 849 plenum
404 780 603 846 dividit,
640 778 923 847 plurimum
963 776 1143 828 ordine
1182 777 1377 828 abusus
1417 787 1510 828 est.

50 881 133 932 56.
204 880 402 948 Figura
441 879 684 931 Gerberti
732 875 1096 944 philosophica
1140 894 1235 944 per
1280 874 1550 927 malivolos
1603 876 1890 944 depravata

603 945 669 998 ab
709 946 888 998 Otrico
926 945 1341 1013 reprehenditur.

188 1032 398 1083 Etenim
459 1048 577 1081 cum
628 1029 1027 1081 mathematicae
1077 1028 1279 1097 phisica
1324 1048 1421 1096 par
1488 1038 1642 1098 atque
1695 1047 1889 1080 coaeva

51 1121 83 1154 a
119 1100 377 1152 Gerberto
414 1101 587 1168 posita
623 1099 823 1163 fuisset,
873 1098 939 1149 ab
978 1098 1077 1148 1100
1115 1097 1514 1149 mathematicae
1554 1098 1737 1149 eadem
1775 1098 1887 1166 phi-

51 1171 156 1222 sica
208 1179 266 1220 ut
317 1169 496 1237 generi
551 1170 751 1237 species
807 1167 1016 1219 subdita
1053 1180 1144 1219 est.
1229 1167 1617 1236 Incertumque,
1674 1176 1885 1218 utruma

50 1239 305 1290 industria
353 1256 420 1289 an
465 1256 638 1288 errore
685 1237 740 1288 id
785 1236 985 1287 factum
1035 1238 1114 1287 sit.
1202 1235 1393 1304 Sicque
1445 1254 1564 1286 cum
1612 1235 1889 1305 multiplici

52 1308 374 1360 diversarum
399 1326 573 1359 rerum
599 1305 965 1358 distributione
994 1306 1174 1358 Otrico
1202 1305 1370 1374 figura
1397 1304 1568 1357 delata
1593 1315 1684 1357 est.
1715 1306 1889 1371 Quam

49 1379 162 1446 ipse
200 1377 596 1445 diligentissime
633 1374 922 1440 revolvens,
962 1374 1280 1427 Gerbertum
1317 1373 1450 1425 male
1480 1375 1717 1426 divisisse
1745 1374 1887 1443 apud

51 1464 171 1498 suos
219 1445 658 1510 calumniabatur,
709 1463 769 1496 eo
819 1444 961 1513 quod
1000 1444 1222 1495 duarum
1259 1443 1556 1512 aequalium
1596 1445 1889 1513 specierum

50 1515 197 1567 alteri
242 1514 454 1566 alteram
508 1515 842 1567 substitutam
879 1522 938 1564 ut
973 1515 1152 1583 generi
1202 1516 1433 1582 speciem
1469 1513 1638 1582 figura
1675 1515 1889 1565 mentie-

48 1584 217 1637 batur.
268 1586 347 1634 Ac
393 1603 487 1653 per
529 1583 646 1649 hoc,
683 1582 810 1634 nihil
850 1601 970 1635 eum
1022 1582 1385 1651 philosophiae
1424 1583 1749 1651 percepisse,
1799 1601 1886 1633 au-

52 1653 230 1705 dacter
278 1654 559 1705 astruebat.
643 1651 886 1721 Illudque
943 1671 1062 1704 eum
1098 1653 1308 1721 penitus
1355 1653 1612 1719 ignorare,
1665 1651 1886 1716 dicebat,

49 1724 104 1774 in
141 1740 242 1792 quo
283 1722 463 1773 divina
499 1731 549 1773 et
584 1722 814 1773 humana
852 1722 1156 1786 consistunt,
1195 1721 1304 1772 51110
1344 1721 1532 1789 quibus
1570 1723 1726 1772 etiam
1758 1720 1889 1772 nulli

52 1792 118 1844 sit
150 1790 645 1861 philosophandum,
718 1790 859 1841 Tulit
895 1791 1071 1859 itaque
1110 1791 1177 1841 ad
1214 1789 1467 1859 palatium
1505 1790 1729 1859 figuram
1769 1810 1887 1842 ean-

52 1860 186 1921 dem,
225 1869 276 1912 et
313 1879 489 1912 coram
517 1860 708 1913 Ottone
742 1869 963 1927 augusto
990 1861 1053 1910 iis
1081 1860 1169 1929 qui
1197 1860 1539 1927 sapientiores
1576 1860 1891 1912 videbantur

50 1948 164 1982 eam
202 1929 501 1999 explicavit.
574 1931 846 1997 Augustus
883 1948 1026 1994 vero,
1079 1948 1199 1980 cum
1235 1943 1285 1978 et
1321 1929 1435 1996 ipse
1473 1927 1656 1979 talium
1695 1929 1888 1980 studio-

51 1999 283 2050 sissimus
343 1999 645 2063 haberetur,
706 2016 773 2048 an
835 1998 1123 2050 Gerbertus
1185 1998 1450 2062 erraverit,
1513 1997 1888 2049 admirabatur.

51 2068 268 2120 Viderat
312 2070 502 2121 etenim
564 2067 709 2119 illum
767 2077 817 2118 et
863 2086 970 2118 non
1019 2066 1180 2119 semel
1229 2066 1583 2135 disputantem
1634 2067 1886 2119 audierat.

0 2172 1 2175 =
49 2137 202 2189 Unde
258 2148 307 2189 et
352 2138 417 2189 ab
474 2156 534 2189 eo
590 2137 855 2206 predictae
911 2137 1077 2206 figure
1130 2136 1442 2188 solutionem
1497 2136 1611 2187 fieri
1664 2137 1887 2187 nimium

0 2203 1 2276 l
52 2205 280 2276 optabat.
353 2207 464 2258 Nec
503 2206 666 2257 defuit
701 2207 777 2257 rei
816 2208 1039 2258 occasio.

0 2283 1 2342 i
187 2277 269 2328 57.
328 2275 466 2327 Nam
490 2275 820 2328 venerandus
846 2276 1132 2327 Remorum
1158 2274 1591 2343 metropolitanus
1617 2274 1885 2327 Adalbero
1904 2288 1988 2320 980·

50 2353 170 2414 post
206 2345 431 2396 eundem
468 2363 664 2395 annum
700 2346 925 2396 Romam
977 2362 1095 2395 cum
1135 2343 1390 2396 Gerberto
1429 2344 1643 2412 petebat
1691 2363 1751 2395 ac
1802 2344 1887 2395 Ti·
1988 2357 1996 2362 '

52 2415 154 2465 cini
172 2424 187 2449 1
228 2422 511 2483 augustum
546 2431 664 2463 cum
692 2413 872 2466 Otrico
911 2414 1159 2482 repperit.
1219 2412 1269 2463 A
1297 2430 1399 2481 quo
1427 2413 1583 2464 etiam
1609 2412 1888 2481 magnifice

51 2491 304 2551 exceptus
354 2490 432 2533 est
480 2482 775 2551 ductusque
819 2501 915 2551 per
958 2482 1162 2533 Padum
1210 2481 1375 2532 classe
1420 2481 1745 2532 Ravennam.
1819 2483 1890 2534 Et

49 2560 285 2620 tempore
341 2560 598 2620 oportuno
653 2551 984 2619 imperatoris
1037 2552 1185 2601 iussu
1247 2568 1426 2601 omnes
1483 2552 1743 2618 sapientes
1800 2553 1889 2620 qui

52 2629 404 2672 convenerant
452 2620 589 2671 intra
642 2619 896 2688 palatium
944 2618 1145 2671 collecti
1192 2630 1324 2670 sunt.
1416 2618 1585 2670 Affuit
1621 2620 1889 2688 predictus

51 2688 368 2742 reverendus
406 2689 853 2758 metropolitanus.
914 2689 1080 2739 Affuit
1117 2698 1167 2739 et
1191 2687 1336 2739 Adso
1363 2688 1527 2740 abbas
1554 2688 1843 2740 Dervensis
1856 2699 1891 2755 ²,

54 2759 178 2828 quib
217 2777 334 2809 cum
372 2759 488 2827 ipso
526 2757 927 2826 metropolitano
965 2757 1262 2808 advenerat.
1328 2756 1434 2808 Sed
1460 2766 1510 2808 et
1537 2756 1748 2809 Otricus
1775 2776 1891 2827 pre-

54 2845 170 2879 sens
207 2837 332 2894 erat,
381 2829 471 2897 qui
519 2845 654 2878 anno
694 2827 961 2895 superiore
1002 2825 1247 2878 Gerberti
1295 2826 1726 2895 reprehensorem
1775 2846 1890 2879 sese

51 2904 449 2948 monstraverat.
532 2895 794 2948 Numerus
850 2913 1058 2965 quoque
1103 2894 1492 2946 scolasticorum
1540 2914 1646 2947 non
1693 2915 1890 2965 parvus

55 2964 396 3031 confluxerat,
436 2965 555 3034 qui*
580 2965 941 3016 imminentem
969 2965 1339 3033 disputationis
1375 2963 1516 3016 litem
1557 2983 1892 3035 summopere

175 3097 212 3150 ²⁸¹)
247 3100 321 3151 qui
352 3099 399 3138 id
431 3100 656 3151 negotium
690 3098 1028 3152 perpenderant.
1066 3103 1110 3138 et
1141 3099 1195 3139 ob
1228 3098 1311 3139 hoc
1344 3099 1372 3139 i.
1410 3100 1448 3139 1.

152 3215 188 3258 a)
217 3226 265 3248 an
294 3220 325 3251 1.
426 3216 465 3258 b)
495 3219 559 3257 qui
591 3236 631 3242 —
660 3218 865 3250 advenerat
891 3219 927 3249 in
943 3227 1052 3257 mar9‚
1083 3219 1115 3249 2.

2 3294 7 3386 ’ἶ
179 3324 223 3377 1)
258 3327 360 3366 Otto
394 3339 435 3366 a.
470 3327 572 3367 970.
605 3327 709 3367 inde
737 3339 763 3366 a
796 3338 945 3366 mense
978 3326 1169 3366 Ianuarii
1191 3326 1333 3366 Ticini
1361 3332 1567 3374 moratus,
1601 3326 1760 3366 Martio
1784 3327 1890 3366 inde

0 3390 9 3435 ς
55 3381 309 3425 Ravennam
344 3388 492 3437 movit,
534 3392 666 3439 atque
709 3388 751 3427 d.
785 3387 856 3426 22.
889 3387 1132 3436 Penariae,
1176 3385 1216 3426 d.
1262 3386 1333 3428 30.
1378 3386 1572 3426 eiusdem
1607 3387 1768 3426 mensis
1801 3386 1888 3425 Ra-

55 3453 222 3484 vennae
257 3444 498 3498 diplomata
531 3447 684 3487 edidit.
717 3447 766 3487 P.
831 3445 919 3486 Sed
952 3447 1114 3486 rectius
1147 3445 1258 3485 haec
1289 3447 1334 3485 in
1363 3447 1538 3488 Ottonis
1572 3446 1630 3486 ΙΙ.
1674 3450 1889 3499 tempore,

55 3512 95 3542 a.
128 3502 229 3544 980.
265 3504 524 3546 collocanda
557 3520 667 3557 esse,
700 3506 928 3559 Biidinger
959 3520 1002 3560 p.
1031 3505 1103 3545 60.
1138 3507 1318 3547 monuit.
1415 3505 1461 3558 2)
1485 3506 1889 3547 Moutier·en·Der.
