2240 3879
183 413 264 445 972.

82 1185 146 1229 Ἰ).
178 1190 261 1223 616.

285 259 338 299 98
718 258 971 298 RICHERI
1004 257 1427 298 HISTORIARUM
1460 257 1642 298 LIBER
1676 258 1760 297 111.

702 396 785 447 36.
845 395 1126 448 Secundaa
1162 395 1403 464 primatis
1443 393 1668 447 obiectio
1683 404 1719 447 a·

424 480 732 551 Rursusque
770 482 969 550 primas
1005 480 1286 532 exorsusb:
1329 478 1566 544 ‘Adhuc',
1604 480 1789 550 inquit,
1828 484 2022 530 ‘nostro
2061 496 2140 530 or-

285 551 394 602 dini
431 550 646 601 inimica
682 550 964 620 proferam.
1037 550 1101 600 In
1140 567 1242 618 quo
1284 548 1498 617 quidam
1536 549 1894 615 dinoscuntur,
1948 546 2141 618 quibus

284 638 397 670 mos
444 619 685 685 inolevit,
735 629 793 671 ut
839 619 935 671 5011
985 638 1016 670 3
1053 619 1386 670 monasteriis
1437 618 1820 687 egrediantur⁰7
1867 617 1965 670 soli
2013 617 2140 669 foris

283 688 424 740 nullo
465 690 547 740 sui
586 691 759 758 operis
787 698 918 741 teste
944 697 1206 753 maneant,
1247 697 1298 739 et
1331 687 1473 757 quod
1497 688 1790 757 pessimum
1817 696 1909 754 est,
1937 687 2140 756 absque

281 759 502 810 fratrum
539 759 909 811 benedictione
949 759 1034 809 etd
1074 767 1267 809 exeant
1316 768 1367 809 et
1416 758 1525 809 sine
1564 775 1625 808 ea
1670 757 1903 809 redeant.
1983 756 2140 808 Unde

282 847 388 880 non
426 827 650 879 dubium
689 836 781 893 est7
822 846 911 879 eos
948 826 1155 878 facilius
1194 846 1350 896 posse
1388 826 1511 893 falli,
1561 846 1694 896 quos
1732 827 1954 878 fratrum
1993 844 2140 878 oran-

281 899 412 949 tium
450 897 749 949 benedictio
788 915 893 948 non
931 898 1148 947 munite.
1204 896 1336 948 Inde
1375 907 1469 962 est,
1508 897 1650 966 quod
1683 895 1956 966 turpitudo
1982 895 2140 963 vitae,

282 985 489 1018 morum
526 968 759 1036 pravitas
771 966 798 1032 f,
835 967 1173 1036 proprietatis
1211 965 1475 1036 peculium
1523 965 1676 1018 nobis
1714 968 1779 1017 ad
1822 965 2140 1017 calumnian-

280 1037 421 1089 tibus
438 1037 459 1069 <¹
497 1036 854 1089 intenduntur.
928 1036 1085 1089 Unde
1113 1037 1271 1086 etiam
1297 1055 1511 1088 necesse
1540 1044 1633 1102 est,
1670 1044 1729 1087 ut
1753 1036 1833 1086 his
1862 1034 2139 1087 calumniis

282 1106 598 1173 subdamur,
639 1125 758 1157 cum
792 1105 1079 1175 repulsioni
1113 1114 1272 1157 testes
1292 1105 1486 1158 habere
1513 1124 1618 1157 non
1651 1107 1932 1176 possimus.
1987 1105 2142 1156 Hocg

283 1180 528 1246 *quoque
576 1185 750 1230 vestra
797 1194 1019 1228 censura.
1067 1175 1378 1244 prohibeat'.
1455 1175 1684 1227 Sinodus
1735 1175 1934 1227 dixitd:
1999 1175 2140 1226 ‘Pro-

282 1245 558 1298 hibeatur’.
648 1246 720 1297 Et
769 1246 1127 1298 memorabilis
1182 1245 1644 1314 metropolitanus:
1707 1244 1842 1297 ‘Hoc
1897 1246 2140 1315 quoque',

283 1317 469 1386 inquit,
510 1322 705 1367 ‘nostra
744 1316 1055 1367 auctoritate
1070 1317 1092 1349 ¹¹
1131 1314 1503 1385 prohibemus'.

727 1417 809 1467 37.
866 1415 910 1466 T
916 1416 1072 1466 ertiai
1111 1416 1352 1485 primatis
1389 1416 1701 1485 indignatio.

420 1500 519 1551 His
560 1518 770 1569 quoque
816 1501 1014 1569 primas
1063 1499 1166 1551 alia
1214 1499 1534 1569 adiungens:
1599 1500 1911 1565 ‘Quoniam'7
1951 1499 2138 1566 inquit,

281 1569 362 1620 ‘de
416 1570 558 1620 vitiis
619 1570 787 1621 nostri
839 1569 1036 1620 ordinis
1089 1570 1265 1620 dicere
1321 1571 1497 1639 coepi7
1550 1569 1681 1619 nihil
1735 1568 2139 1638 relinquendum

279 1640 489 1708 putavi,
527 1647 584 1690 ut
622 1639 701 1689 his
751 1640 939 1690 amotis
990 1638 1175 1707 religio
1225 1646 1406 1689 nostra
1443 1639 1552 1690 acsi
1591 1638 1858 1691 enubilata
1892 1636 2137 1690 reluceat.

282 1709 417 1762 Sunt
454 1709 609 1774 enim7
649 1710 883 1778 inquam,
921 1710 1088 1759 nostri
1127 1707 1324 1760 ordinis
1363 1709 1596 1778 quidam,
1638 1708 1831 1778 quibus
1854 1725 2009 1760 curae
2043 1715 2139 1775 est,

279 1778 437 1849 pillea
475 1780 644 1829 aurita
683 1779 844 1847 capiti
881 1778 1157 1830 manifeste
1195 1779 1469 1846 imponere
1512 1777 1783 1848 pellesque
1828 1778 2139 1847 peregrinas

279 1848 435 1918 pilleo
474 1847 703 1917 regulari
742 1866 1051 1917 preponere,
1099 1866 1195 1917 pro
1243 1848 1482 1901 abiectae
1519 1849 1683 1900 vestis
1733 1847 1916 1899 habitu
1963 1856 2138 1899 vestes

277 1918 594 1970 lautissimas
631 1918 847 1969 induere
861 1923 898 1968 *.
972 1918 1110 1968 Nam
1147 1919 1354 1969 tunicas
1389 1919 1570 1986 magni
1609 1926 1813 1988 emptas
1850 1916 2139 1987 plurimum

282 1988 515 2057 cupiunt,
556 2005 686 2056 quas
726 1989 799 2038 sic
837 1987 904 2038 ab
943 1998 1168 2056 utroque
1213 1986 1375 2039 latere
1416 1989 1681 2056 stringunt
1716 1989 2049 2057 manicisque
2088 1996 2141 2039 et

279 2059 406 2127 giris
445 2055 807 2108 diffluentibus
847 2057 1162 2124 diffundunt,
1201 2066 1260 2108 ut
1296 2058 1478 2109 artatis
1518 2058 1760 2110 clunibus
1796 2066 1847 2110 et
1871 2059 2138 2127 protensis

279 2128 490 2179 natibus
549 2127 723 2196 potius
781 2125 1129 2177 meretriculis
1187 2145 1345 2196 quam
1400 2128 1672 2179 monachis
1723 2147 1755 2179 a
1804 2136 1953 2197 tergo
2010 2127 2138 2179 assi-

278 2195 554 2249 milentur'.

636 2266 718 2317 38.
774 2265 898 2318 Dek
937 2264 1239 2335 superfluok
1276 2267 1544 2317 vestiumk
1584 2265 1773 2318 colore.

421 2350 582 2416 ‘Quid
601 2368 727 2402 vero
756 2350 820 2402 de
848 2350 1020 2402 colore
1045 2350 1313 2402 vestium?
1351 2351 1507 2403 Unde
1533 2360 1735 2403 tantum
1763 2351 1971 2421 decepti
1996 2360 2134 2418 sunt,

279 2428 338 2472 ut
375 2421 645 2489 dignitatis
689 2421 877 2472 merita
927 2419 1192 2472 coloribus
1243 2430 1564 2490 comparent.
1638 2421 1776 2472 Nam
1812 2422 1914 2472 nisi
1952 2422 2136 2473 tunica

277 2491 430 2558 nigro
471 2489 643 2541 colore
682 2490 910 2555 deceatl,
951 2509 1012 2541 ea
1048 2489 1196 2541 indui
1233 2489 1376 2542 nullo
1414 2491 1573 2542 modo
1612 2490 1802 2560 placet.
1896 2490 2053 2556 Quod
2091 2492 2134 2542 si

279 2562 437 2611 etiam
473 2561 625 2628 nigro
665 2559 816 2611 albus
855 2559 1082 2611 laneficii
1120 2578 1277 2629 opere
1315 2561 1650 2612 intermixtus
1689 2562 1770 2627 sit,
1809 2561 1893 2612 hic
1924 2579 2134 2631 quoque

277 2629 394 2681 talis
431 2639 633 2681 vestem
671 2628 935 2681 abiectam
973 2629 1113 2681 facit.
1193 2628 1393 2682 Fulvus
1446 2648 1657 2700 quoque
1705 2631 1947 2683 abicitur.
2020 2631 2133 2682 Nec

277 2701 450 2750 minus
502 2699 653 2767 niger
700 2702 910 2752 nativus
956 2718 1064 2751 non
1109 2699 1320 2766 sufficit,
1367 2701 1471 2751 nisi
1519 2703 1677 2753 etiam
1727 2701 1982 2753 corticum
2021 2700 2134 2752 infi-

279 2770 444 2820 ciatur
481 2770 635 2820 sucis.
710 2770 887 2839 Atque
925 2770 1056 2821 haec
1095 2770 1160 2822 de
1197 2768 1466 2821 vestibus'.

557 2868 639 2919 39.
695 2868 828 2920 Dem
869 2867 1384 2921 calciamentorumm
1424 2869 1784 2939 superfluitate
1800 2880 1850 2921 ¹¹¹.

422 2952 523 3003 ‘De
585 2951 1051 3005 calciamentorum
1105 2973 1229 3006 vero
1287 2954 1649 3023 superfluitate
1706 2954 1832 3024 quid
1870 2955 2135 3007 referam?

282 3021 509 3073 Tantum
548 3022 687 3072 enim
725 3023 779 3073 in
816 3022 896 3073 his
936 3024 1220 3091 insaniunt,
1270 3033 1327 3075 ut
1370 3024 1798 3076 commoditatem
1837 3025 1938 3077 sibi
1973 3023 2133 3095 pluri-

400 3155 436 3211 *)
474 3171 571 3198 cum
606 3159 708 3198 boni
753 3159 914 3210 quique
962 3160 1119 3212 eapitis
1165 3160 1279 3212 (post
1309 3160 1435 3212 adel.)
1483 3173 1763 3213 quocumque
1797 3161 1991 3213 tegmine
2027 3173 2130 3201 con·

476 3220 585 3259 tenti
619 3220 718 3259 sint.
766 3219 827 3257 Hi
862 3232 965 3271 ergo
1001 3233 1027 3258 a
1059 3220 1279 3271 religiosis
1300 3221 1565 3261 dissidentes
1600 3235 1686 3261 non
1705 3219 1837 3261 sunt?
1871 3220 1982 3261 Cum
2014 3222 2130 3261 enim

477 3281 664 3320 vestium
701 3279 917 3331 dignitate
955 3280 1246 3335 delectantur,
1280 3282 1434 3322 vilium
1471 3282 1623 3335 procul
1658 3281 1789 3322 dubio
1819 3281 2128 3337 abiectionem,

472 3339 590 3380 unde
626 3353 678 3380 ex
711 3344 835 3393 parte
868 3340 1024 3393 religio
1068 3343 1416 3394 recognoscitur,
1460 3344 1636 3396 penitus
1677 3342 1913 3383 abhorrent
1945 3342 2051 3383 add.
2089 3342 2130 3382 1.

374 3427 409 3469 a)
449 3429 636 3470 Secunda,
667 3430 727 3461 obi
755 3430 846 3461 absc.
974 3431 1012 3471 b)
1052 3433 1089 3462 in
1117 3433 1191 3463 loco
1220 3441 1315 3463 ruse.
1446 3431 1478 3472 c)
1516 3436 1655 3464 exeant
1695 3434 1726 3465 1.
1855 3431 1893 3473 d)
1926 3436 2010 3472 post
2045 3432 2127 3464 add.

277 3476 310 3517 e)
341 3479 504 3509 munivit
532 3482 560 3510 1.
686 3478 713 3518 f)
752 3480 900 3518 pavitas
932 3489 1024 3512 corr.
1064 3482 1232 3520 pravitas
1270 3483 1302 3512 1.
1429 3480 1466 3522 g)
1495 3482 1572 3512 Hos
1604 3483 1634 3511 1.
1750 3479 1789 3522 h)
1819 3482 2009 3514 auctorita
2034 3490 2128 3514 corr.

276 3529 512 3559 auctoritate.
640 3525 667 3568 i)
695 3528 749 3559 Te
785 3528 876 3560 absc.
987 3528 1025 3569 k)
1056 3531 1133 3570 De,
1162 3539 1199 3570 s,
1235 3532 1318 3561 vest
1352 3529 1445 3562 absc.
1574 3528 1602 3570 1)
1632 3531 1741 3570 splen
1776 3531 1927 3562 ‚scribere
1961 3535 2133 3570 coeptum.

275 3574 327 3616 m)
355 3576 411 3607 De
439 3585 494 3615 ca,
520 3579 656 3617 torum,
683 3580 760 3608 tate
787 3577 877 3609 absc.
