2240 3879
124 1603 184 1645 ⁸1).
214 1605 295 1637 566.

314 198 353 236 Χ
708 191 960 232 RICHERI
990 186 1407 230 HISTORIARUM
1440 185 1609 225 LIBRI
1642 186 1750 226 1111.

313 335 413 385 tati
465 333 791 383 tribuendil.
897 329 1039 380 Ordo
1099 329 1154 378 in
1208 327 1519 377 universum
1573 326 1827 392 temporis
1882 324 2166 375 decursum

315 411 538 467 secut-uS,
579 418 972 467 nonnunquam
1013 399 1191 449 studio
1230 415 1409 447 rerum
1446 394 1933 446 connectendarum
1980 394 2163 444 turba-

313 481 417 524 tur.
501 473 692 523 Oratio
731 469 994 531 dilucida,
1045 468 1232 530 brevis,
1286 467 1466 535 viyore
1507 471 1553 514 et
1590 462 1935 530 simplicitate
1969 463 2163 531 placet.

452 542 734 604 Richerus,
789 558 944 607 opere
995 556 1161 604 usque
1212 536 1286 586 ad
1331 553 1558 585 mensem>
1594 533 1830 585 Junium
1869 534 2007 584 anni
2044 531 2163 583 995.

306 612 585 680 perducto,
625 609 894 661 scribendi
917 607 1087 673 finem
1109 605 1266 674 fecit,
1301 606 1495 656 notatis
1521 611 1697 654 tamen
1718 604 2042 670 praecipuis
2069 621 2165 652 an-

315 701 507 733 norum
546 679 663 744 996,
701 678 818 729 997.
859 685 904 726 et
940 676 1057 726 998.
1097 676 1384 740 eventibus,
1435 675 1511 724 ita
1560 681 1615 724 ut
1663 691 1780 724 eum
1829 672 1911 723 liis
1958 690 2164 741 quoque

315 749 712 802 conscribendis
754 750 996 799 animum
1025 747 1317 797 advertisse
1348 751 1552 812 pateat.
1633 741 1749 801 Quo
1776 749 2007 810 tempore
2035 741 2165 792 Ger-

315 821 455 871 berto
495 821 569 870 acl
615 819 786 869 sedem
823 818 1194 868 Ravennatem
1244 823 1290 864 et
1334 831 1480 864 anuo
1531 813 1770 880 sequenti
1812 810 2167 880 pontificatus

316 891 554 941 Romani
594 889 666 939 acl
707 889 914 956 apicem
940 893 1207 955 promoto,
1260 904 1333 934 an
1372 884 1640 934 Riclierus
1681 901 1815 950 opus
1854 881 2167 932 transmise-

318 962 402 1023 rit,
443 959 688 1009 dubitari
723 964 911 1025 potest.
992 954 1135 1007 Certe
1176 954 1555 1022 autographus
1594 951 1727 1003 tiber
1765 971 1873 1003 ozon
1910 952 1988 1001 ita
2028 969 2164 1002 com-

308 1037 547 1097 paratus
598 1036 685 1092 est,
738 1034 796 1076 ut
848 1025 1250 1093 archiepiscopi
1302 1025 1557 1074 summive
1595 1020 1880 1091 pontificis
1916 1020 2168 1072 manibus

315 1099 578 1148 traditum
604 1095 780 1159 facite
819 1097 1142 1159 eoeistimem,·
1202 1094 1530 1160 descriptum
1571 1099 1745 1141 autem
1767 1091 1971 1159 fuisse,
2011 1091 2166 1159 iquo-

316 1188 517 1218 ramus.
591 1168 672 1216 De
710 1167 941 1216 Riclzero
981 1182 1187 1232 quoque
1226 1163 1462 1230 amptius
1504 1161 1642 1212 nibil
1679 1168 1903 1225 constat,
1946 1168 2170 1229 praeter

317 1238 475 1307 quod,
514 1237 691 1287 studio
731 1238 845 1304 ejus
881 1235 1076 1285 librum
1113 1233 1246 1301 Zeuqis
1286 1232 1522 1296 Saticae,
1562 1231 1658 1297 qui
1695 1230 1850 1281 hod-ie
1889 1231 1948 1279 in
1987 1229 2168 1280 biblio-

314 1308 464 1357 theca
506 1308 657 1373 reqia
684 1306 989 1356 Parisiensi
1016 1320 1235 1354 numero
1261 1300 1414 1352 4259.
1458 1301 1757 1368 insiynitus
1788 1306 1949 1363 eoetat,
1987 1298 2169 1349 biblio-

316 1378 494 1426 thecae
541 1376 734 1426 Sancti
779 1375 1018 1442 Remigii
1062 1372 1341 1423 Remensis
1401 1370 1623 1433 illatum,
1682 1370 1968 1436 inscriptio
2024 1375 2170 1419 vetus

315 1447 484 1496 tradit
503 1453 534 1497 2.

458 1515 706 1564 Historia
746 1512 1096 1581 autogsraplia
1123 1511 1335 1562 saeculo
1363 1509 1456 1559 XI.
1485 1509 1828 1560 bibliothecae
1854 1509 2171 1559 monasterii

318 1583 373 1635 S.
413 1583 697 1635 [Michaelis
738 1582 1235 1649 *Babmzberyensis
1274 1581 1338 1631 ab
1380 1580 1641 1630 Heinrico
1682 1579 1755 1628 II.
1794 1580 1923 1647 imp.
1964 1578 2171 1629 conditi

319 1656 455 1705 inter
483 1654 696 1722 primos
735 1654 851 1721 ejus
872 1651 1118 1719 fortasse
1155 1650 1319 1701 libros
1348 1648 1520 1713 illata,
1559 1668 1679 1700 cum
1707 1648 1833 1699 aliis
1858 1648 2013 1699 tibris
2041 1646 2171 1698 G'er-

317 1725 457 1774 berto
507 1730 553 1772 et
600 1722 833 1772 Richero
884 1723 1022 1772 ‘notis
1062 1722 1119 1771 in
1167 1720 1413 1788 catalogo
1466 1719 1732 1787 Ruotyeri
1790 1720 1938 1769 intra
1995 1735 2171 1769 aomos

321 1791 679 1844 1112—1123.
719 1791 954 1857 confecto
996 1797 1296 1841 recensetur
1312 1798 1348 1854 3,
1389 1789 1565 1856 ibique
1604 1790 1768 1839 annis
1809 1787 2170 1839 1098—1101.

321 1863 384 1912 ab
424 1861 747 1912 Elclcehardo
798 1861 1193 1928 Uraugsiensi4,
1233 1867 1279 1910 et
1316 1859 1737 1928 quadrinyentis
1775 1859 1941 1909 anuis
1970 1864 2099 1925 post
2137 1875 2173 1907 a

444 2017 486 2063 1]
515 2017 636 2057 Alios
662 2018 791 2056 etiam
816 2029 860 2055 re
885 2015 1003 2054 haud
1037 2016 1149 2054 bene
1174 2027 1392 2067 perpensa
1418 2015 1657 2063 commisit;
1695 2028 1731 2054 e.
1756 2027 1798 2066 g.
1825 2015 1861 2062 Ι,
1881 2015 1922 2054 3.
1956 2013 2171 2054 Karolum

317 2083 440 2131 patre
476 2078 665 2118 obeunte
700 2077 916 2126 biennem,
966 2078 1001 2125 I,
1039 2076 1107 2114 12.
1159 2089 1272 2114 anno
1307 2075 1409 2115 893.
1459 2075 1756 2127 quindennem
1789 2076 1915 2125 facit;
1951 2075 2034 2122 III,
2068 2075 2171 2114 109.

320 2139 515 2179 Lotharii
551 2152 687 2179 annos
723 2151 806 2176 non
841 2141 1048 2177 accurate
1084 2140 1322 2190 computat.
1451 2136 1497 2187 2)
1531 2134 1665 2175 Liber
1691 2136 1832 2176 scmcti
1865 2134 2049 2189 Remigii
2080 2139 2169 2176 stu-

318 2200 390 2240 cZio
425 2233 433 2241 .
462 2231 471 2240 .
497 2231 505 2239 .
542 2213 568 2237 η
593 2229 602 2239 .
630 2231 637 2241 .
665 2230 674 2240 .
698 2192 758 2239 νΤς
793 2197 929 2238 richer
953 2232 961 2240 .
990 2227 999 2239 .
1141 2198 1188 2249 3)
1225 2197 1465 2247 schannat,
1500 2197 1704 2236 Vindem.
1739 2197 1776 2247 Ι,
1811 2197 1883 2237 52.
2020 2194 2067 2249 4)
2104 2195 2171 2237 Cf.

319 2261 451 2300 Arch.
486 2260 586 2310 VII,
620 2261 721 2300 470.
756 2260 857 2299 471.
902 2258 1212 2307 Ekkehardus‚
1247 2262 1400 2297 contra
1431 2271 1596 2297 morem
1631 2271 1755 2297 suum
1789 2259 1835 2297 in
1869 2256 2171 2298 exscribendis

320 2321 418 2361 aliis
451 2322 737 2373 scriptoribus
771 2320 1017 2374 probatum,
1053 2320 1231 2359 Richeri
1264 2324 1386 2358 textu
1409 2319 1515 2358 satis
1538 2318 1677 2358 libere
1700 2320 1847 2366 utitur,
1882 2331 1964 2358 nec
1999 2323 2172 2360 tantum

320 2382 408 2421 alia
454 2384 589 2421 verba
638 2383 981 2433 sententiasque,
1031 2379 1110 2420 sed
1154 2381 1233 2430 bis,
1284 2381 1329 2419 in
1378 2379 1561 2419 historia
1609 2379 1783 2419 scilicet
1815 2380 2077 2432 Haganonis
2128 2384 2172 2419 et

321 2442 574 2492 Giselberti,
610 2443 827 2482 diversam
862 2442 992 2494 plane
1026 2442 1335 2489 narrationem,
1382 2453 1432 2480 eo
1467 2445 1615 2479 tamen
1649 2441 1794 2479 animo
1839 2442 1982 2493 iisque
2022 2440 2170 2480 verbis

320 2516 432 2555 quae
468 2504 655 2543 Richero
691 2517 818 2556 quam
855 2504 1043 2542 maxime
1079 2502 1356 2550 conveniant,
1389 2501 1568 2554 profert.
1635 2501 1808 2541 Coniici
1840 2502 1975 2553 igitur
2007 2505 2171 2555 posset,

321 2577 417 2603 eum
454 2564 541 2602 alia
574 2566 718 2617 operis
755 2563 946 2603 editione
979 2576 1106 2603 usum
1140 2563 1297 2612 fuisse3
1333 2562 1411 2601 sed
1446 2562 1614 2601 nullutn
1639 2560 1819 2602 alterius
1845 2561 2013 2602 codicis
2035 2563 2170 2602 vesti-

322 2625 440 2676 gium
475 2630 608 2664 extat.
675 2625 784 2664 Nam
831 2624 1031 2663 codicem
1064 2628 1258 2663 nostrum
1292 2624 1379 2661 iam
1413 2629 1516 2663 ante
1551 2635 1711 2663 annum
1747 2623 1928 2676 quidem
1965 2623 2093 2663 1611.
2125 2623 2173 2662 in

323 2685 512 2724 ecclesia
547 2686 883 2738 metropolitana
910 2684 1273 2735 Babenbergensi
1307 2684 1601 2730 adservatum,
1636 2684 1828 2724 saeculis
1863 2683 2172 2734 anterioribus,

324 2751 366 2784 et
398 2745 583 2785 fortasse
627 2752 727 2798 post
769 2758 974 2797 magnam
1016 2745 1139 2785 illam
1184 2745 1438 2784 monasterii
1472 2745 1513 2786 S.
1549 2744 1784 2784 Michaelis
1819 2745 2173 2784 devastationem

323 2818 435 2858 quae
471 2819 508 2844 a.
549 2807 676 2846 1453.
727 2808 923 2858 contigit,
974 2820 1024 2846 eo
1067 2805 1328 2846 translatum
1375 2818 1472 2845 esse
1517 2810 1704 2857 oportet,
1755 2818 1853 2844 cum
1886 2806 1932 2844 in
1965 2805 2171 2857 catalogo

325 2866 620 2906 bibliothecae
656 2867 1016 2919 metropolitanae
1052 2868 1288 2919 antiquiori
1323 2866 1379 2904 ad
1413 2865 1640 2906 saeculum
1673 2865 1778 2905 XII.
1802 2865 1874 2904 vel
1908 2865 2038 2907 XIII.
2071 2879 2171 2919 per-

324 2929 505 2976 tinente,
557 2942 683 2979 quem
721 2927 786 2967 Ol.
821 2928 960 2966 Iaeck
1003 2929 1047 2966 in
1093 2928 1255 2968 Okenii
1288 2928 1410 2967 Iside
1445 2939 1484 2965 a.
1526 2925 1661 2976 1829,
1711 2940 1753 2979 p.
1793 2926 1923 2966 1237.
1960 2931 2003 2966 et
2041 2926 2171 2966 1238.

326 2987 563 3039 evulgavit,
597 2987 718 3027 nulla
752 2988 927 3027 Richeri
957 2990 1119 3028 mentio
1153 2988 1271 3027 faeta
1304 2989 1372 3028 sit.
1437 2987 1705 3026 Trithemius
1741 2986 1942 3027 codicem
1975 2992 2173 3028 nostrum

327 3054 369 3087 et
402 3048 717 3088 Ekkehardum
762 3055 861 3087 ante
908 3049 1058 3089 oculos
1102 3049 1279 3097 habuit3
1331 3061 1414 3087 nec
1446 3061 1614 3097 vereor,
1664 3060 1718 3087 ne
1755 3049 1850 3100 quis
1884 3048 2081 3088 fabulam
2116 3048 2172 3088 de

326 3108 527 3147 malefica
561 3115 603 3148 et
637 3109 824 3148 Ranthci
859 3122 983 3161 equa,
1027 3110 1287 3162 Haganonis
1321 3107 1439 3161 apud
1474 3121 1572 3147 eum
1606 3108 1816 3148 historiae
1849 3109 2074 3156 insertam,
2118 3122 2172 3148 ex

326 3171 516 3209 Richero
558 3170 756 3209 haustam
800 3170 933 3209 fuisse
980 3172 1194 3223 opinetur,
1246 3171 1368 3210 cuius
1403 3183 1428 3208 a
1461 3168 1684 3209 scribendi
1729 3169 1898 3209 ratione
1942 3182 2084 3222 aeque
2118 3182 2172 3209 ac

326 3231 486 3276 animo,
535 3231 914 3282 superstitionibus
965 3231 1141 3270 minime
1191 3231 1394 3277 obnoxio,
1444 3229 1668 3269 abhorret.
1741 3229 1869 3269 Talia
1915 3229 2171 3270 Flodoardo

327 3292 561 3329 convenire
611 3296 801 3343 possent.
867 3292 995 3342 Hugo
1047 3293 1178 3331 etiam·
1228 3291 1580 3330 Flaviniacensis
1628 3289 1780 3330 Karoli
1831 3291 2081 3343 captionem
2131 3295 2175 3330 et

328 3351 529 3390 Gerberti
564 3352 901 3404 disputationem
937 3366 1033 3391 curn
1071 3352 1251 3392 othrico
1295 3355 1370 3390 aut
1401 3363 1427 3389 a
1460 3356 1607 3391 nostro
1642 3355 1716 3390 aut
1747 3351 1802 3390 ab
1837 3350 1924 3390 alio
1958 3352 2173 3404 scriptore

328 3413 399 3463 qui
434 3418 624 3451 nostrum
661 3413 952 3464 exscripserat
985 3414 1173 3465 accepit,
1208 3413 1286 3453 SS.
1321 3411 1450 3458 VIII,
1483 3426 1525 3465 p.
1545 3411 1645 3450 365.
1680 3410 1792 3461 3673
1829 3415 2008 3451 econtra
2040 3411 2173 3464 Hugo

327 3471 622 3512 Floriacensis
655 3478 847 3512 nostrum
882 3474 1058 3513 minime
1094 3475 1225 3523 novit,
1268 3477 1310 3512 et
1344 3472 1479 3513 Gesta
1513 3470 1768 3526 pontificum
1802 3472 2086 3512 Remensium
2118 3472 2174 3512 ab
