2240 3879
242 262 297 301 52
672 255 926 297 RICHERI
959 254 1378 297 HISTORIARUM
1411 255 1596 296 LIBER
1628 255 1691 295 ΙΙ,

138 414 496 467 941.personae
535 395 807 448 nobilitate
854 395 1155 448 adornetur.
1239 393 1526 461 Hugonem
1571 394 1749 463 itaque
1799 412 1936 463 pene
1989 412 2097 445 om-

240 468 386 519 nium
425 466 725 517 conibentia
762 464 1021 531 attollunt,
1060 482 1122 515 ac
1161 463 1355 514 Remos
1393 462 1696 530 deductum,
1747 465 1802 514 in
1841 463 2097 515 coenobio

240 536 618 588 monachorum
680 535 849 587 sancti
909 534 1139 602 Remigii
1207 531 1674 600 metropolitanum
1741 531 2100 602 sollempniter

241 613 551 658 consecrant
587 612 743 674 atque
779 606 834 655 in
873 605 1001 656 urbe
1042 604 1288 655 decenter
1315 609 1599 670 exceptum
1635 601 1799 654 multo
1843 601 2097 672 obsequio

240 695 302 728 ac
339 676 635 727 reverentia
673 675 947 725 honorant.
1020 674 1138 725 Rex
1184 674 1238 722 in
1275 671 1515 741 partibus
1553 672 1897 739 Burgundiae
1934 674 2098 724 viato-

239 765 356 797 rum
402 744 570 796 relatu
618 752 886 813 patratum
933 744 1206 812 negotium
1257 742 1554 807 advertens,
1605 759 1732 792 111οΧ
1779 741 2098 793 Laudunum

239 816 445 867 rediit¹.
518 812 816 864 Arnoldum
855 831 1065 882 quoque
1103 831 1166 863 ac
1205 813 1316 863 eius
1354 811 1568 862 fratrem
1605 810 1946 877 Landricum,
1978 829 2098 880 pro-

241 885 454 937 ditionis
504 881 850 948 insimulatos,
906 900 1004 933 nec
1054 890 1232 933 tamen
1277 882 1488 950 penitus
1537 883 1819 948 convictos,
1873 899 1994 932 cum
2044 881 2100 931 in

240 955 337 1005 hac
377 974 432 1006 re
471 953 855 1022 promptissimi
893 951 1211 1019 viderentur,
1252 952 1318 1002 ab
1358 950 1489 1002 urbe
1529 949 1746 1020 expulit.

393 1054 475 1106 26.
532 1053 650 1104 Rex
687 1053 741 1102 in
778 1052 1016 1121 partibus
1054 1051 1397 1120 Burgundiae
1437 1052 1727 1102 exercitum
1767 1057 1948 1101 contra

928 1122 1162 1173 tirannos
1203 1120 1414 1190 colligit.

383 1194 499 1244 Rex
562 1210 682 1242 cum
750 1192 826 1243 rei
881 1191 1120 1242 militaris
1184 1192 1365 1260 inopia
1433 1198 1614 1241 contra
1674 1191 1910 1241 tirannos
1970 1188 2101 1239 nihil

243 1262 416 1315 moliri
441 1262 654 1324 valeret,
682 1260 1046 1330 Burgundiam
1071 1261 1299 1330 repetiit,
1325 1268 1382 1311 ut
1408 1261 1700 1311 exercitum
1726 1260 1848 1311 inde
1870 1267 2102 1310 sumeret

242 1334 526 1402 Remisque
564 1330 853 1382 induceret.
927 1330 1233 1382 Admodum
1284 1331 1476 1381 etenim
1527 1329 1582 1380 id
1628 1329 1992 1399 attemptabat,
2043 1337 2102 1380 ut

242 1403 584 1455 Heribertum
633 1400 698 1451 ab
746 1398 877 1451 urbe
928 1419 1151 1469 pervasa
1197 1398 1428 1468 pelleret.
1514 1399 1661 1449 Dum
1700 1417 1826 1467 ergo
1865 1399 1919 1448 in
1960 1397 2101 1448 colli-

242 1472 429 1541 gendis
487 1469 741 1521 militibus
797 1487 1003 1520 moram
1063 1470 1284 1536 faceret,
1346 1469 1572 1519 tirannia
1635 1468 1800 1519 multo
1864 1468 2101 1537 equitatu

42 1565 107 1607 η),
138 1542 557 1600 59311111111111111111
595 1547 853 1609 appetunt
891 1546 1049 1607 atque
1089 1538 1433 1603 circumdant,
1474 1556 1624 1606 spem
1662 1538 2007 1607 proditionis*
2044 1538 2101 1588 in

243 1612 557 1681 quibusdam
607 1610 877 1661 habentes.
964 1609 1116 1660 Haec
1167 1609 1293 1659 dum
1343 1615 1585 1675 aguntur,
1637 1608 1705 1658 ad
1753 1608 1894 1676 regis
1945 1625 2098 1659 aures

239 1681 555 1750 tempestive
593 1679 843 1730 feruntur.
922 1678 1042 1743 Qui,
1094 1679 1318 1747 sumptis
1365 1695 1496 1747 quos
1544 1677 1913 1747 undecumque
1960 1675 2100 1728 colli-

240 1752 396 1820 gereb
436 1749 613 1815 valuit,
651 1749 707 1798 in
745 1766 945 1817 pagum
982 1748 1337 1799 Porcensem2
1377 1747 1603 1799 devenit.
1678 1747 1788 1799 Ubi
1827 1765 1949 1798 cum
1986 1765 2098 1799 rem

239 1820 518 1871 militarem
548 1817 814 1870 ordinaret
839 1836 902 1868 ac
928 1817 1167 1870 hostibus
1194 1816 1390 1869 bellum
1416 1816 1608 1868 inferre
1628 1825 1857 1886 pararet,
1889 1817 2098 1883 tiranni,

240 1891 515 1942 Lauduni*
565 1887 839 1941 obsidione
876 1886 1072 1954 relicta,
1111 1889 1165 1938 in
1203 1905 1384 1954 regem
1422 1887 1637 1952 vadunt,
1676 1904 1738 1937 ac
1773 1887 2099 1955 insperatum

240 1960 550 2010 invadentes
588 1958 698 2008 eius
737 1960 1044 2023 exercitum,
1083 1956 1360 2008 nonnullos
1409 1963 1661 2023 sternunt,
1708 1955 1936 2026 reliquos
1973 1973 2098 2008 vero

240 2031 295 2079 in
348 2028 527 2095 fugam
582 2035 792 2095 cogunt.
883 2026 1002 2077 Rex
1053 2045 1082 2077 a
1134 2027 1241 2077 suis
1292 2025 1527 2093 eductus,
1578 2027 1673 2076 vix
1720 2044 1841 2077 cum
1892 2026 2099 2078 duobus

243 2099 555 2150 comitibus3
606 2097 713 2148 vim
765 2097 947 2147 mortis
1005 2097 1188 2161 evasit,
1247 2095 1444 2166 oppido
1503 2097 1645 2164 quod
1700 2095 1853 2146 Altus
1909 2103 2099 2147 mons4

244 2169 436 2219 dicitur
474 2185 587 2218 sese
624 2166 902 2234 recipiens.
971 2166 1191 2217 Tiranni
1230 2184 1324 2234 spe
1362 2165 1679 2233 proditionis
1718 2164 1968 2231 frustrati,
2010 2165 2099 2217 ob-

245 2239 501 2290 sidionem
541 2234 750 2286 solvunt
786 2244 943 2304 atque
982 2236 1036 2285 in
1074 2253 1168 2286 sua
1206 2235 1502 2287 concedunt
1518 2245 1552 2285 ⁰.

39 2351 134 2385 ⁸f01.
165 2354 223 2384 19.
243 2338 325 2389 27.
366 2336 615 2387 *Tiranni
642 2353 670 2385 a
698 2353 841 2404 papa
876 2343 1171 2401 monentur,
1208 2353 1274 2386 ne
1310 2353 1490 2404 regem
1518 2354 1671 2385 suum
1697 2343 2098 2404 persequantur.

137 2441 222 2473 942,
383 2422 590 2472 Interea
643 2439 672 2471 a
736 2420 930 2471 domno
994 2420 1263 2488 Stephano
1320 2437 1461 2489 papa
1510 2420 1593 2470 vir
1650 2419 1823 2470 clarus
1884 2419 2098 2470 nomine

243 2493 510 2543 Damasus
558 2489 762 2558 legatus
812 2491 865 2540 in
914 2488 1113 2541 Gallias
1164 2489 1392 2540 directus
1443 2498 1534 2555 est,
1586 2488 1909 2558 apostolicae
1959 2488 2098 2540 sedis

242 2562 438 2614 litteras
488 2560 730 2625 afferens,
776 2560 1061 2611 iussionem
1099 2558 1447 2628 apostolicam
1487 2561 1828 2624 continentes,
1868 2566 1926 2609 ut
1958 2559 2099 2628 prin-

243 2633 386 2699 cipes
425 2630 881 2699 provinciarum**
920 2647 1100 2697 regem
1140 2647 1292 2679 suum
1323 2628 1656 2680 Ludovicum
1706 2629 1944 2697 recipere
1992 2645 2099 2679 non

243 2701 512 2752 differrent
547 2717 643 2751 nec
681 2697 857 2767 gladio
896 2698 1032 2750 ultra
1078 2698 1255 2750 hostili
1305 2717 1425 2749 eum
1475 2699 1886 2764 insectarentur,
1944 2705 1995 2749 et
2042 2698 2098 2748 ni

244 2779 462 2834 cessent,
503 2768 851 2819 anathematis
889 2768 992 2820 telo
1033 2787 1214 2820 omnes
1254 2786 1366 2819 esse
1394 2767 1649 2837 figendos.
1709 2768 1827 2832 Quo
1855 2767 2097 2836 episcopi

243 2840 453 2907 cognito
504 2839 790 2889 Remorum
841 2839 1127 2904 dioceseos,
1179 2839 1232 2888 in
1271 2856 1435 2888 unum
1473 2855 1601 2888 mox
1639 2838 1823 2903 coacti,
1874 2837 1937 2887 de
1975 2853 2098 2887 ana-

241 2908 469 2959 themate
507 2909 562 2957 in
600 2925 712 2958 sese
758 2906 1002 2959 habendo
1055 2908 1157 2958 nisi
1202 2908 1515 2976 resipiscant
1562 2905 1934 2958 vehementerd
1981 2924 2098 2975 per-

241 2985 482 3030 tractant.
554 2975 869 3027 Mittendum
917 2978 1055 3028 enim
1103 2977 1168 3027 ad
1208 2977 1548 3029 Heribertum
1596 2975 1886 3045 disponunt
1931 2984 1982 3028 et
2029 2974 2097 3028 ab

243 3065 303 3099 eo
343 3044 650 3115 suppliciter
687 3045 988 3113 petendum,
1043 3047 1289 3115 quatinus
1336 3046 1451 3115 ipse
1497 3045 1685 3096 ducem
1731 3046 1888 3097 adeat
1939 3052 2098 3114 atque

240 3115 383 3184 apud
421 3133 540 3167 eum
577 3132 672 3182 pro
710 3115 848 3183 regis
880 3119 1178 3185 receptione
1204 3123 1342 3186 agat,
1383 3115 1719 3166 ostendentes
1746 3114 2095 3166 anathematis

365 3234 401 3288 *)
437 3236 670 3275 Remorum
710 3235 747 3273 1.
871 3232 930 3287 **)
964 3249 1195 3290 regnorum
1233 3237 1272 3274 1.

341 3326 376 3365 a)
406 3326 516 3364 Hugo
545 3333 586 3356 ac
613 3324 836 3355 Heribertus
866 3327 897 3356 1.
1018 3324 1057 3366 b)
1087 3326 1228 3364 collige
1254 3335 1281 3357 c.
1408 3323 1442 3365 c)
1471 3325 1584 3356 lineae
1598 3324 1688 3365 finis
1712 3333 1849 3357 erasus,
1962 3322 2001 3364 d)
2029 3324 2097 3355 uti-

241 3375 330 3406 liter
359 3377 391 3405 1.

368 3451 411 3504 1)
455 3452 581 3492 Haec
625 3452 837 3492 Richerus
886 3452 1132 3493 Flodoardi
1179 3454 1421 3494 narrationi
1470 3451 1650 3491 adiecit.
1812 3451 1857 3503 2)
1907 3452 2096 3492 Porcien

243 3513 287 3551 in
323 3512 567 3565 Campania
601 3512 806 3565 (‘arrond.
843 3512 895 3552 de
930 3514 1139 3566 Rethel’).
1280 3512 1329 3565 3)
1363 3511 1546 3553 Artoldo
1580 3511 1777 3565 episcopo
1811 3518 1850 3553 et
1883 3511 2094 3566 Botyario

243 3573 388 3613 comite
421 3573 549 3612 Flod.
674 3573 717 3620 4)
759 3574 920 3613 Omont
