2240 3879
166 604 247 638 945.

71 2910 134 2954 Ἰ).
165 2912 247 2946 598.

269 289 323 326 62
693 285 947 326 RICHERI
980 284 1402 326 HISTORIARUM
1434 284 1619 325 LIBER
1651 285 1714 326 II.

344 426 427 477 45.
483 424 614 476 Dux
653 424 801 493 regia
839 443 934 494 per
969 422 1171 544 legagos
1209 422 1395 543 sgiadet
1409 431 1445 488 ³,
1483 431 1542 474 ut
1578 425 1680 475 aba
1721 422 2031 475 obsidionea

1108 494 1214 544 isce
1256 501 1324 543 at.

408 594 540 645 Dux
594 611 825 664 namque
874 594 929 644 in
977 595 1094 662 ipsa
1144 591 1419 644 obsidione
1466 609 1562 659 per
1611 590 1812 659 legatos
1851 593 2016 661 petiit,
2069 599 2127 643 ut

268 663 607 734 Ragenaldus
659 682 851 728 comeS,
902 664 1124 731 sumptis
1163 680 1194 713 a
1232 680 1345 713 sese
1385 659 1676 727 obsidibus,
1712 660 1984 714 locuturus
2025 659 2128 712 sibi

270 743 529 787 occurrat.
607 733 766 798 Quod
803 741 854 784 et
889 732 1042 783 fierib
1080 732 1147 784 ab
1186 750 1311 800 rege
1359 749 1671 782 concessum
1709 738 1803 782 est.
1875 732 2125 783 Directus

266 806 447 875 itaque
485 804 582 855 sub
623 802 868 854 obsidum
904 803 1019 853 iure
1057 802 1125 853 ad
1164 801 1353 852 ducem
1390 801 1549 852 venit.
1624 800 1786 869 Apud
1823 819 1980 870 quem
2014 800 2128 851 dux

269 875 359 927 diu
398 873 713 938 deliberanS,
761 871 976 923 tandem
1015 871 1141 940 agit,
1199 878 1256 922 ut
1292 890 1388 923 rex
1425 871 1492 923 ab
1533 870 1781 939 episcopo
1822 879 1873 922 et
1908 870 2127 922 urbanis

269 943 480 996 obsides
518 943 804 1012 accipiens,
843 940 909 992 ab
947 941 1094 993 urbis
1139 941 1532 1010 oppugnatione
1572 939 1826 1006 discedat,
1866 940 2127 1009 quatinus,

269 1022 636 1083 quocumquec
684 1018 735 1064 et
773 1010 984 1081 quando
1023 1029 1120 1062 rex
1157 1010 1297 1075 velit,
1346 1010 1489 1061 idem
1537 1011 1820 1080 episcopus
1867 1011 2126 1062 rationem

265 1083 568 1135 redditurus
607 1080 840 1133 accedat.
913 1078 1253 1149 Ragenaldus
1281 1080 1430 1132 ducis
1456 1082 1693 1131 animum
1718 1080 1833 1148 regi
1857 1078 2128 1149 perferens

267 1172 330 1205 ac
386 1150 664 1204 consilium
715 1148 1034 1221 approbans,
1085 1149 1142 1201 id
1190 1149 1304 1203 fieri
1355 1149 1628 1202 suadebat.
1724 1149 2128 1218 Obsidibusque

267 1223 493 1292 sumptis
531 1221 753 1287 idoneis,
801 1239 898 1271 rex
948 1219 1280 1270 obsidionem
1333 1221 1414 1270 15.
1463 1219 1547 1271 die
1593 1218 1764 1286 solvit,
1813 1227 2129 1288 tempusque

267 1292 561 1344 audiendae
599 1291 857 1342 rationisd
894 1297 1015 1359 post
1051 1289 1162 1341 dies
1199 1291 1268 1341 40
1307 1290 1404 1342 sub
1430 1290 1548 1360 ipsa
1572 1288 1937 1341 Kalendarum
1972 1288 2128 1340 Iulia-

266 1373 416 1414 ruml
457 1362 541 1414 die
581 1361 865 1412 constituit.
940 1358 1076 1409 Aliis
1105 1377 1228 1427 ergo
1263 1360 1473 1412 interim
1509 1360 1719 1426 curatis,
1758 1359 1870 1411 dies
1895 1357 2128 1410 habendi

268 1432 519 1501 colloquii
556 1431 783 1482 advenit.
872 1429 943 1480 Et
992 1429 1103 1480 dux
1153 1430 1218 1481 de
1267 1431 1537 1499 superiore
1583 1430 1796 1498 negotio
1841 1429 2129 1493 locuturUS,

269 1501 459 1554 obvius
498 1502 612 1570 regi
649 1500 815 1551 affuit.
872 1497 1196 1551 Declamatis
1234 1507 1412 1551 autem
1451 1518 1634 1551 eorum
1673 1500 1862 1566 causis,
1894 1499 1990 1550 vix
2027 1497 2129 1550 sibi

268 1571 682 1624 consentiebant.
755 1569 1179 1639 Rationibusque
1229 1588 1336 1620 non
1384 1571 1510 1621 satis
1558 1568 1754 1621 utiliter
1799 1567 2130 1638 procedenti-

269 1643 382 1708 bus,
419 1640 549 1691 nihil
584 1641 706 1709 paci
744 1639 1084 1691 commodum
1123 1640 1465 1691 constitutum
1505 1647 1598 1706 est,
1637 1647 1813 1707 preter
1849 1637 1993 1708 quod
2031 1638 2128 1691 sub

265 1729 398 1781 pace
436 1718 709 1780 sequestra
745 1728 915 1779 usque
952 1709 1021 1760 ad
1058 1709 1295 1761 medium
1321 1709 1554 1778 Augusti
1579 1709 1838 1761 rationem
1865 1707 2129 1761 distulere.

447 1826 530 1878 46.
589 1824 781 1878 Obitus
820 1823 1177 1879 Theotilonise
1217 1824 1644 1876 Turonensiume
1683 1825 1938 1894 episcopi.

409 1927 527 1991 Quo
564 1933 800 1995 tempore
841 1945 962 1977 cum
993 1926 1213 1978 beataef
1245 1925 1536 1977 memoriae
1561 1923 1803 1976 Theotilo
1831 1924 2128 1976 Turonicae

267 1994 413 2047 urbis
462 1994 641 2064 presul
692 1996 756 2047 de
803 1995 1109 2047 renovanda
1158 1996 1295 2047 inter
1348 1995 1617 2064 principes
1663 2013 1795 2064 pace
1845 1995 2125 2046 vehemen-

267 2066 468 2118 tissime
507 2073 745 2130 certaret,
784 2074 942 2134 atque
980 2065 1059 2116 his
1098 2064 1389 2116 admodum
1428 2073 1718 2134 occupatus
1763 2064 1951 2117 studiis
1988 2063 2127 2115 Lau-

268 2135 408 2187 duno
464 2135 772 2201 discederet,
829 2133 1249 2204 peripleumonia
1303 2135 1358 2184 in
1411 2136 1527 2203 ipso
1583 2135 1770 2186 itinere
1827 2134 2123 2203 corripitur.

269 2206 419 2271 Quae
458 2223 578 2256 cum
616 2203 957 2274 pulmonibus
995 2213 1256 2257 tumorem
1303 2222 1365 2255 ac
1410 2204 1674 2255 fervorem
1719 2205 1995 2270 incuteret,
2040 2204 2126 2255 die

269 2283 454 2344 quarta
513 2275 624 2325 nati
679 2275 851 2326 morbi
906 2275 1005 2325 hac
1059 2276 1169 2326 vita
1222 2274 1485 2343 migravit.
1561 2272 1805 2343 Cumque
1850 2272 2022 2324 adhuc
2070 2274 2127 2324 in

267 2346 435 2397 noctis
482 2352 743 2413 tempesta
793 2344 1038 2413 spiritum
1087 2343 1302 2409 efflaret,
1357 2362 1485 2395 mox
1529 2341 1743 2395 luminis
1791 2342 1981 2412 globus
2029 2361 2128 2412 per

267 2432 405 2480 aera,
445 2421 503 2464 ut
526 2413 705 2480 fertur,
746 2415 992 2480 emicans,
1031 2412 1375 2482 vigilantibus
1401 2414 1545 2464 visus
1580 2422 1672 2465 est.
1732 2411 1901 2465 Cuius
1926 2412 2126 2466 lumine

268 2484 336 2535 ad
373 2484 540 2535 noctis
579 2482 918 2553 depellendas
957 2483 1208 2552 caligines
1248 2483 1569 2535 sufficienter
1605 2484 1704 2550 usi,
1744 2485 1835 2553 qui
1864 2485 1975 2535 eius
2014 2500 2125 2534 cor-

268 2572 367 2621 pus
424 2554 668 2605 exanime
725 2552 1044 2620 deferebant,
1100 2572 1196 2622 per
1255 2553 1354 2604 150
1408 2551 1666 2603 miliaria2
1721 2570 1890 2623 usque
1937 2553 2126 2605 urbem

268 2624 592 2675 Turonicam
630 2623 787 2674 huius
824 2623 956 2675 lucis
984 2622 1237 2674 solamine
1265 2640 1457 2692 corpus
1481 2623 1848 2675 beatissimum
1874 2621 2124 2684 detulere,

268 2695 323 2744 in
371 2692 592 2745 basilica
639 2694 806 2744 sancti
855 2692 1046 2744 Iuliani
1096 2693 1342 2759 martiris,
1401 2692 1544 2763 quod
1593 2691 1736 2744 idem
1780 2694 1863 2744 vir
1911 2699 2124 2744 sanctus

271 2781 477 2814 summa
512 2764 837 2815 instruxerat
871 2762 1141 2832 religione,
1181 2762 1347 2815 multa
1382 2763 1679 2815 reverentia
1717 2761 2056 2832 deponentes

656 2878 757 2930 *42
816 2877 1011 2947 Captio
1050 2878 1224 2946 regisg
1261 2896 1294 2929 a
1329 2877 1755 2929 Nortmannisgs

411 2975 529 3039 Quo
580 2976 801 3045 sepultO,
859 2997 980 3029 cum
1035 2977 1210 3029 adhuc
1258 2979 1394 3029 inter
1438 2995 1619 3045 regem
1669 2976 1966 3046 ducemque
2056 2994 2127 3028 ax

269 3043 413 3095 nulla
450 3047 745 3114 composita
783 3056 921 3099 esset
957 3056 1115 3118 atque
1154 3066 1250 3099 rex
1300 3047 1448 3099 dolos
1487 3045 1854 3098 simulatorum
1890 3064 1995 3097 non
2034 3064 2127 3097 um

270 3113 638 3183 perpenderet,
676 3114 893 3168 Erluino
924 3118 1140 3187 suisque
1166 3116 1281 3168 aliis
1307 3118 1549 3187 sumptis,
1581 3115 1920 3167 Rhodomum
1944 3115 2125 3182 rediit3

269 3182 343 3234 nil
380 3184 578 3236 veritus
617 3202 738 3236 cum
775 3187 956 3254 paucis
994 3187 1100 3238 illic
1134 3187 1421 3252 immorari,
1459 3184 1748 3238 cumidem
1775 3186 2125 3237 consueverit.

369 3348 405 3391 a)
435 3350 508 3390 egi,
537 3359 592 3390 su,
621 3350 680 3391 ab,
709 3359 757 3382 ne
784 3352 877 3385 absc.
979 3350 1016 3393 b)
1046 3352 1123 3384 fact
1149 3352 1213 3384 del.
1317 3350 1351 3393 c)
1380 3355 1550 3391 tempore
1579 3352 1707 3390 quand
1733 3351 1801 3382 del.
1903 3348 1940 3391 d)
1970 3359 2004 3383 a.
2028 3359 2058 3383 r.
2087 3351 2127 3382 in

271 3408 405 3439 mary.;
433 3399 486 3431 ati
512 3399 605 3431 absc.
709 3398 745 3440 e)
774 3409 806 3441 e,
835 3401 866 3431 si
893 3400 984 3432 absc.
1087 3399 1116 3442 f)
1145 3401 1181 3433 b.
1213 3409 1261 3434 m.
1290 3410 1318 3433 c.
1425 3399 1462 3441 g)
1491 3409 1546 3441 re,
1573 3404 1606 3431 rt
1633 3400 1725 3432 absc.

396 3526 442 3581 1)
476 3528 593 3569 circa
625 3528 801 3570 missam
833 3529 975 3571 sancti
1015 3530 1229 3573 Iohannis
1271 3530 1401 3572 Flod.
1538 3528 1585 3584 2)
1620 3529 1898 3572 Flodoardus
1933 3529 2125 3571 ducenta

271 3587 362 3628 fere
396 3589 518 3629 milia
551 3589 718 3631 scribit.
