2240 3879
78 390 90 404 ⁸
105 392 172 425 fol.
201 394 262 425 42.

179 473 259 504 984.

281 239 366 277 126
695 238 950 279 RICHERI
981 237 1404 280 HISTORIARUM
1435 237 1619 278 LIBER
1651 238 1739 278 ΙΙΙ.

431 377 544 431 106.
622 376 916 429 ‘Deductio
954 376 1056 428 ada
1093 375 1270 428 hostes
1310 375 1629 445 superiorisa
1665 376 1942 428 machinae
1958 385 1994 427 a.

418 477 712 529 Dictabant
770 477 933 541 enim,
995 484 1220 545 quatuor
1269 476 1473 545 stipites
1521 474 1717 528 multae
1762 473 2135 544 grossitudinis

278 556 447 599 terrae
485 546 683 598 solidae
721 545 1077 612 mandandos3
1128 546 1310 597 decem
1359 544 1586 613 pedibus
1631 546 1686 595 in
1720 554 1860 597 terra
1898 544 2136 612 defossis,

278 617 308 668 8
344 634 470 668 vero
519 634 550 667 a
587 625 725 668 terra
764 616 1004 681 eiectisb3
1056 616 1146 685 qui
1197 615 1352 666 etiam
1398 615 1730 685 transpositis
1768 634 1862 684 per
1903 616 1939 666 4
1972 613 2139 667 latera

275 685 544 756 repagulis
599 685 1077 737 vehementissimis
1145 684 1521 751 solidarentur3
1589 683 1855 753 repagulis
1924 702 2136 754 quoque

274 756 610 821 transmissis,
649 755 798 805 funes
837 754 1166 821 inserendos,
1207 753 1298 806 sed
1337 753 1544 805 funium
1582 755 1757 823 capita
1793 753 1859 805 ab
1894 752 2136 806 hostibus

276 825 553 891 abductass,
605 824 880 893 superiora
918 824 1133 893 quidem
1170 824 1462 890 machinae,
1512 825 1765 875 interiora
1799 841 1925 874 vero
1962 821 2136 875 bobus

276 902 705 959 annecterentm,
744 902 796 945 at
833 894 1084 945 interiora
1119 893 1328 963 longius
1368 894 1730 963 superioribus
1763 892 2136 963 protenderen-

275 972 386 1031 tur3
443 965 718 1033 superiora
762 981 888 1015 vero
958 962 1200 1015 breviore
1261 963 1427 1016 ductu
1469 962 1772 1015 machinam
1825 960 2138 1032 implicitam

275 1033 544 1099 haberent,
592 1034 667 1084 ita
704 1040 761 1083 ut
797 1033 933 1085 inter
969 1033 1146 1084 hostes
1191 1040 1241 1085 et
1278 1033 1444 1086 boves
1481 1032 1728 1084 machina
1767 1041 1947 1099 staret,
1997 1032 2137 1084 unde

277 1110 327 1156 et
362 1104 526 1170 fieret,
564 1112 636 1169 ut,
677 1111 872 1173 quanto
911 1102 1075 1154 boves
1114 1103 1180 1155 ab
1219 1102 1458 1155 hostibus
1496 1102 1750 1155 trahendo
1789 1101 2138 1169 discederent,

274 1181 419 1225 tanto
475 1173 721 1224 machina
775 1173 1014 1224 hostibus
1070 1180 1295 1225 attracta
1347 1173 1744 1243 propinquaret.
1829 1174 1948 1237 Quo
2000 1189 2137 1223 com-

275 1252 470 1310 mento,
512 1242 780 1294 chilindris
820 1243 1126 1312 suppositis,
1167 1243 1359 1312 quibus
1394 1242 1601 1294 facilius
1627 1251 1832 1295 motum
1858 1242 2137 1312 acciperet,

276 1313 522 1365 machina
560 1313 797 1365 hostibus
835 1312 978 1364 nullo
1017 1312 1157 1364 laeso
1196 1311 1417 1382 appulsa
1458 1321 1551 1364 est.

811 1458 924 1508 107.
998 1458 1236 1509 Victoria
1247 1459 1269 1490 d
1305 1457 1543 1509 Lotharii
1560 1458 1596 1508 d„

414 1557 722 1610 Adversarii
761 1575 971 1626 quoque
1010 1556 1235 1609 similem
1275 1556 1491 1626 quidem
1530 1555 1830 1607 machinam
1869 1564 2136 1623 extruunt,

275 1628 367 1681 sed
394 1627 669 1680 altitudine
698 1635 748 1678 et
772 1625 963 1678 robore
988 1627 1309 1678 inferiorem.
1382 1626 1623 1695 Utraque
1658 1644 1783 1695 ergo
1812 1632 2136 1692 exstructae,

273 1717 303 1750 a
341 1706 491 1768 parte
529 1706 752 1767 utraque
790 1714 1068 1748 ascensum
1101 1704 1195 1748 est.
1272 1695 1702 1766 Conflictumque
1739 1696 1837 1748 abf
1869 1696 2138 1765 utrisquef

272 1768 645 1837 promtissime,
696 1785 795 1817 nec
841 1775 1018 1818 tamen
1065 1765 1169 1817 ullo
1219 1766 1378 1818 modo
1419 1766 1629 1818 cedunt.
1703 1766 1822 1818 Rex
1860 1784 1980 1817 cum
2017 1783 2136 1836 pro-

271 1840 390 1908 pior
426 1839 591 1888 muris
629 1836 851 1903 adesset,
891 1836 1084 1888 fundae
1122 1836 1294 1888 iaculo
1321 1837 1376 1887 in
1400 1835 1548 1889 labro
1577 1836 1843 1906 superiore
1870 1835 2136 1887 sauciatus

272 1916 366 1960 est.
444 1907 608 1960 Cuius
645 1907 837 1957 iniuria
875 1907 956 1957 sui
993 1907 1218 1973 accensi,
1256 1905 1618 1959 vehementius
1656 1904 1792 1958 bello
1825 1904 2133 1957 incubuere.

270 1977 341 2030 Et
380 1978 505 2047 quia
540 1978 715 2028 hostes
753 1975 1003 2027 machina
1040 1984 1091 2028 et
1126 1978 1287 2027 armis
1325 1976 1484 2028 fortes
1519 1975 1816 2028 nullatenus
1856 1975 2132 2041 cedebant,

270 2066 367 2098 rex
404 2047 628 2097 uncinos
674 2045 871 2097 ferreos
917 2045 1156 2097 adhiberi
1199 2046 1454 2115 precepit.
1530 2045 1636 2110 Qui
1681 2046 1895 2097 funibus
1933 2044 2133 2114 alligati

273 2135 395 2168 cum
443 2116 672 2168 hostium
722 2116 999 2166 machinae
1047 2116 1225 2168 iniecti
1273 2123 1447 2167 essent
1493 2114 1760 2185 lignisque
1814 2115 2128 2167 transversis

272 2186 518 2252 admorsi,
566 2185 718 2236 funes
769 2184 857 2236 alii
896 2184 1259 2251 demittebant,
1310 2184 1398 2236 alii
1436 2184 1732 2236 demissosg
1777 2183 2130 2253 excipiebant.

272 2255 480 2322 Quibus
517 2255 943 2306 adversariorum
981 2254 1227 2306 machina
1263 2253 1513 2306 inclinata
1544 2262 1704 2324 atque
1729 2274 1866 2325 pene
1891 2255 2132 2306 demersa

273 2335 366 2378 est.
464 2326 620 2377 Unde
671 2324 759 2375 alii
809 2323 1110 2377 delabentes
1162 2344 1257 2394 per
1305 2324 1570 2393 lignorum
1602 2325 1993 2376 'commissuras
2044 2323 2131 2375 de-

271 2395 610 2461 scendebant,
647 2393 735 2444 alii
771 2413 897 2446 vero
938 2394 1074 2445 saltu
1111 2413 1224 2446 sese
1256 2393 1325 2445 ad
1360 2402 1557 2446 terram
1595 2394 1964 2460 demittebant,
2001 2411 2131 2445 non-

270 2464 399 2516 nulli
414 2466 435 2499 ¹¹
503 2483 714 2535 quoque
769 2465 910 2532 turpi
964 2464 1246 2516 formidine
1300 2465 1451 2530 tacti,
1519 2463 1752 2516 latibulis
1807 2464 1973 2515 vitam
2028 2463 2132 2515 sibi

271 2534 640 2587 defendebant.
715 2534 910 2585 Hostes
947 2535 1132 2586 mortis
1169 2533 1468 2604 periculum
1505 2553 1696 2602 urgere
1732 2533 1990 2601 videnteS,
2041 2532 2130 2584 ad-

268 2606 514 2657 versariis
569 2604 764 2656 cedunt
811 2605 1085 2673 vitamque
1134 2604 1400 2673 supplices
1447 2611 1650 2673 petunt.
1731 2604 1871 2655 Iussi
1917 2621 2130 2673 quoque

268 2693 416 2726 arma
452 2675 723 2743 deponunt
761 2683 811 2726 et
847 2673 1090 2725 reddunt.
1168 2674 1464 2743 Statimque
1503 2694 1534 2726 a
1570 2692 1695 2743 rege
1724 2673 1997 2725 decretum
2023 2673 2131 2724 exi-

268 2746 359 2811 vit,
403 2744 606 2796 hostesi
655 2745 766 2796 sine
803 2743 982 2812 aliqua
1017 2743 1231 2795 ultionis
1272 2744 1463 2794 iniuria
1501 2742 2029 2814 comprehendendos
2066 2760 2129 2794 ac

267 2813 441 2866 illesos
491 2812 591 2865 sibi
641 2813 1000 2865 adducendos.
1085 2814 1469 2884 Comprehensi
1517 2815 1723 2883 itaque,
1781 2814 2008 2865 inermes
2065 2829 2130 2863 ac

268 2883 581 2953 indempnes
620 2890 795 2952 preter
832 2885 967 2934 ictus
1007 2902 1138 2953 quos
1176 2884 1231 2934 in
1267 2882 1482 2934 militari
1527 2882 1757 2936 tumultu
1794 2889 2128 2952 acceperant,

269 2961 389 3005 ante
428 2972 606 3022 regem
644 2952 862 3004 admissi
901 2962 1036 3004 sunt.
1114 2953 1220 3018 Qui
1256 2954 1395 3022 regis
1422 2953 1648 3022 pedibus
1675 2951 1925 3015 advoluti,
1962 2952 2129 3003 vitam

268 3023 534 3091 petebant.
609 3022 747 3073 Nam
784 3023 962 3092 regiae
1000 3024 1288 3076 maiestatis
1325 3023 1402 3074 rei
1439 3031 1599 3093 atque
1638 3023 1884 3088 convicti,
1921 3022 1988 3073 de
2018 3021 2130 3072 vita

270 3092 600 3143 diffidebant.
675 3092 842 3161 (108.)
916 3093 1035 3144 Rex
1071 3093 1293 3145 victoria
1329 3093 1544 3162 potitus,
1579 3090 1824 3161 Belgicae
1857 3091 2126 3161 principes

270 3170 454 3232 captos
493 3162 599 3213 suis
638 3161 1029 3228 custodiendOS,
1070 3162 1163 3215 sed
1201 3171 1252 3214 et
1288 3180 1525 3232 congruo
1563 3169 1799 3231 tempore
1829 3158 2129 3212 reddendos

268 3231 557 3283 mandavit.
631 3230 909 3300 Reliquam
959 3251 1175 3283 manum
1212 3232 1385 3284 redire
1423 3232 1677 3301 permisit.
1749 3232 1875 3300 Ipse
1911 3228 2126 3282 Laudu-

366 3403 401 3445 a)
431 3405 491 3447 ad,
519 3406 624 3445 ioris,
653 3413 697 3436 ae
724 3405 815 3437 absc.
882 3403 920 3446 b)
951 3414 969 3436 e
998 3415 1013 3436 e
1040 3415 1133 3438 corr.
1189 3406 1221 3446 c)
1251 3405 1414 3438 deducta
1441 3415 1531 3437 corr.
1561 3405 1724 3436 abducta
1745 3408 1827 3444 post
1855 3405 1936 3436 add.
1989 3401 2027 3444 d)
2056 3403 2127 3444 ria,
2178 3391 2181 3393 ’

265 3454 461 3541 ἶ)ἱί5αῑξς.υ
501 3453 717 3534 ie)hedlucta
743 3463 919 3493 superscr.
949 3458 1152 3488 exstructa.
1231 3455 1260 3497 f)
1287 3459 1366 3496 post
1394 3454 1476 3488 add.
1539 3453 1577 3493 g)
1609 3454 1796 3485 exmissos
1827 3455 1858 3484 1.
1920 3451 1960 3493 h)
1988 3452 2058 3483 alii
2086 3452 2119 3483 1.
