2240 3879
227 399 306 431 956.

223 1620 303 1652 959.

139 2118 201 2161 'p.
231 2121 313 2152 612.

320 246 374 286 90
744 241 996 283 RICHERI
1030 239 1448 282 HISTORIARUM
1479 242 1665 283 LIBER
1697 241 1784 282 ΙΙΙ.

461 383 508 435 9.
564 381 658 433 Ille
705 382 761 432 in
809 380 975 432 multa
1023 399 1117 450 spe
1169 378 1345 430 omnia
1392 398 1594 449 ponens
1610 389 1645 445 ³,
1707 380 1890 450 regina
1943 379 2172 447 conscia,

322 472 441 505 cum
479 452 685 504 duabus
723 449 1025 503 cohortibus
1053 448 1309 519 oppidum
1347 450 1457 501 adit
1492 467 1570 516 ac,
1606 447 1921 502 ducentibus
1948 449 2012 500 iis
2039 466 2171 518 quos

321 523 646 593 premiserat,
703 539 798 590 per
851 520 1023 572 locum
1077 526 1462 589 competentem
1498 526 1786 571 nocturnus
1823 518 2169 587 ingreditur1.

320 595 506 644 Portas
534 601 585 644 et
611 592 785 643 exitus
813 608 993 642 omnes
1037 589 1282 660 pervadit
1312 605 1374 638 ac
1402 589 1662 655 custodeS,
1700 607 1767 639 ne
1795 589 1912 658 quis
1939 588 2170 657 effugiat,

321 663 555 732 deputat.
619 662 742 730 Ipse
780 660 848 711 ad
886 659 1191 712 cubiculum
1229 658 1475 710 dominae
1511 658 1930 711 ferventissimus
1985 657 2170 710 tendit.

319 733 567 802 Eumque
605 733 890 799 ingressuS,
929 739 1149 782 matrem
1188 747 1309 780 cum
1347 729 1553 781 duobus
1590 729 1727 780 natis
1755 726 2169 797 comprehendit.

320 801 427 854 Alii
464 819 589 854 vero
630 801 951 853 ornamentis
978 798 1310 868 asportandis
1337 798 1664 850 insistebant.
1723 796 2170 866 Comprehenditb

322 881 373 925 et
431 870 621 922 milites
692 869 1054 939 oppidumque
1116 868 1403 920 succendit.
1506 870 1626 934 Quo
1689 867 1988 932 combustO,
2050 884 2172 917 cum

322 942 534 993 domina
573 947 624 992 et
660 942 798 990 natis
836 938 1196 1009 militibusque
1236 938 1628 1008 comprehensis
1666 936 1735 988 ad
1770 937 2011 1007 reginam
2041 935 2172 988 Ger-

319 1011 538 1080 bergam
574 1028 815 1061 reversus
854 1016 946 1061 est.

462 1097 541 1147 1Ο.
582 1094 740 1159 Quod
759 1095 1065 1163 Ragenerus
1092 1094 1434 1162 comperienS,
1462 1101 1608 1145 tanta
1626 1092 1939 1144 necessitate
1966 1091 2170 1158 ductuS,

320 1166 642 1231 Brunonem,
687 1164 902 1216 fratrem
939 1165 1169 1233 reginae,
1208 1162 1456 1232 postulat,
1506 1171 1563 1214 ut
1610 1171 1813 1214 mature
1853 1159 2175 1230 colloquium

323 1254 425 1306 quo
477 1235 657 1288 iubeat
704 1235 889 1303 regina
938 1235 1303 1299 constituatur,
1354 1232 1447 1284 ubi
1496 1234 1609 1302 ipse
1657 1250 1879 1284 uxorem
1927 1239 1978 1284 et
2020 1238 2172 1282 natos

320 1305 543 1375 recipiat
606 1311 657 1356 et
701 1305 887 1373 regina
936 1304 1094 1356 aedes
1142 1312 1193 1355 et
1241 1303 1426 1372 predia
1473 1312 1720 1355 resumat.
1809 1301 1967 1367 Quod
2015 1301 2175 1352 etiam

324 1384 515 1428 statuto
553 1383 791 1444 tempore
816 1374 1016 1426 factum
1043 1381 1135 1425 est.
1191 1372 1327 1424 Nam
1353 1371 1544 1424 habitis
1570 1373 1837 1442 utrimque
1863 1370 2174 1437 rationibuS,

324 1447 510 1514 regina
555 1462 586 1495 a
634 1446 840 1495 tiranno
879 1444 1065 1513 predia
1114 1443 1331 1513 recepit,
1384 1450 1434 1494 et
1481 1444 1598 1512 ipse
1635 1461 1858 1494 uxorem
1923 1449 1974 1493 et
2020 1447 2174 1491 natos

325 1515 623 1583 militesque
652 1514 932 1565 reduxit0.
1008 1556 1018 1566 .
1095 1555 1104 1566 .
1182 1551 1799 1564 ........
1877 1551 1887 1562 .
1964 1551 1975 1562 .
2053 1548 2063 1559 .
2139 1517 2176 1561 ,²

465 1601 544 1651 11.
601 1598 702 1649 His
740 1599 812 1650 ita
848 1598 1028 1668 gestis,
1065 1596 1350 1649 Rotbertus
1389 1597 1676 1648 Trecarum
1722 1597 1985 1666 princeps,
2024 1595 2177 1647 Heri-

324 1671 457 1723 berti
505 1669 699 1721 tiranni
742 1667 904 1733 filius,
956 1668 1199 1735 Hugonis
1247 1685 1372 1719 vero
1421 1664 1652 1717 abdicati
1695 1665 1878 1731 frater,
1925 1664 2177 1718 Lothario

323 1741 472 1809 regid
509 1739 756 1790 iniuriam
793 1737 892 1789 hac
932 1745 1042 1789 arte
1069 1736 1279 1788 molitus
1317 1745 1410 1790 est.
1474 1735 1754 1789 Castrum3
1792 1736 1999 1805 regium
2035 1734 2178 1805 quod

325 1811 527 1862 Divion
565 1809 771 1874 dicitur,
820 1826 971 1860 secus
1012 1805 1267 1859 Oscaram
1313 1814 1597 1859 torrentem
1636 1805 1964 1872 eonditume‚
2015 1803 2180 1857 multa

329 1879 615 1949 cupiditate
654 1877 877 1944 sitiebat,
925 1896 984 1930 eo
1037 1877 1178 1947 quod
1227 1896 1323 1947 per
1371 1895 1508 1943 eum,
1561 1876 1604 1927 si
1650 1876 1705 1927 id
1753 1875 1946 1928 habere
1984 1883 2178 1946 posset,

328 1951 581 2019 optimam
631 1947 974 2016 Burgundiae
1029 1954 1233 2017 partem
1291 1946 1358 1998 ad
1414 1965 1567 1998 suum
1616 1946 1699 1997 ius
1747 1946 1969 1997 transire
2022 1962 2180 2015 posse

328 2017 694 2073 arbitrabatur.
767 2017 923 2069 Illum
960 2019 1136 2087 itaque
1176 2018 1267 2086 qui
1317 2025 1490 2069 castro
1540 2035 1752 2086 preesse
1798 2014 2079 2068 videbatur
2116 2014 2180 2067 de

329 2089 620 2158 transfugio
658 2086 727 2138 ad
764 2105 878 2139 sese
918 2090 1041 2156 ‘per
1077 2085 1280 2155 legatos
1312 2086 1611 2156 alloquitur,
1649 2085 1878 2155 plurima
1915 2084 2180 2155 spondens

331 2168 381 2212 et
401 2160 602 2211 maiora
624 2158 718 2209 sub
740 2157 1077 2209 iureiurando
1098 2156 1369 2225 pollicens.
1425 2155 1588 2225 Apud
1616 2174 1796 2224 regem
1818 2174 2029 2225 quoque
2050 2152 2181 2206 mul-

330 2238 437 2281 tam
487 2247 661 2281 rerum
710 2228 945 2297 inopiam
995 2245 1259 2292 asserenS,
1316 2226 1461 2296 apud
1517 2244 1631 2277 sese
1685 2243 1810 2277 vero
1861 2225 2180 2276 sufficientes

333 2317 475 2369 opeS,
516 2297 713 2367 oppida
749 2295 999 2348 nonnulla
1035 2295 1242 2366 aliaque
1290 2295 1717 2348 desiderabilium
1765 2296 1993 2364 insignia
2027 2292 2181 2347 vehe-

332 2370 654 2421 mentissime
693 2375 1005 2436 protestans.
1079 2366 1230 2418 Tunc
1268 2366 1472 2418 iuvenis
1497 2384 1673 2418 rerum
1702 2365 1950 2434 cupidine
1977 2372 2180 2434 captus,

331 2457 427 2510 pro
466 2437 757 2505 transfugio
797 2436 1094 2489 mercedem
1144 2437 1362 2506 quaerit.
1445 2437 1519 2487 At
1564 2434 1638 2486 illi
1687 2434 1945 2486 mercedis
1988 2451 2183 2485 nomen

331 2509 560 2562 edicunt.
617 2506 710 2559 Ille
729 2526 853 2559 vero
882 2526 949 2558 ex
975 2507 1249 2576 promissis
1272 2505 1638 2557 iusiurandum
1664 2503 1895 2574 postulat
1920 2504 2182 2574 capitque.

330 2579 401 2631 Et
453 2586 693 2647 tempore
749 2595 981 2646 congruo
1038 2577 1305 2628 tirannum
1361 2595 1482 2628 cum
1528 2573 1694 2627 multa
1746 2574 1972 2626 militum
2022 2591 2183 2625 manu

332 2651 468 2701 intra
524 2647 782 2718 oppidum
832 2647 1048 2718 excipit,
1097 2665 1159 2698 ac
1208 2665 1321 2699 sese
1372 2647 1420 2698 ei
1468 2646 1826 2711 committenS,
1874 2644 2036 2696 fidem
2084 2661 2181 2713 pro

334 2718 519 2771 militia
568 2718 952 2770 accommodat.
1034 2718 1266 2768 Pervaso
1318 2724 1495 2768 autem
1546 2715 1759 2785 oppidO,
1809 2715 1944 2784 regii
1991 2712 2184 2765 milites

335 2786 709 2840 contumeliose
748 2786 1029 2857 pelluntur.
1100 2787 1443 2856 Deputantur
1477 2803 1604 2837 vero
1643 2785 1719 2837 ibi
1757 2784 1946 2836 milites
1974 2783 2182 2835 tiranni.

478 2873 556 2924 12.
611 2871 847 2924 Perlataf
893 2881 1014 2925 sunt
1049 2872 1180 2924 haec
1227 2871 1297 2923 ad
1341 2889 1537 2940 regem.
1621 2869 1739 2921 Rex
1783 2887 1909 2921 vero
1945 2868 2185 2921 Brunoni

335 2941 595 2993 avunculo
620 2941 820 3011 legatos
848 2942 1043 3010 dirigit,
1078 2941 1258 3011 copias
1285 2940 1351 2993 ab
1380 2959 1441 2992 eo
1477 2938 1764 3010 postulans,
1815 2939 1927 2991 Nec
1951 2945 2186 2990 moratur

336 3012 555 3062 Brunog
602 3018 652 3062 et
689 3030 808 3062 cum
847 3012 1054 3064 duobus
1098 3011 1309 3064 milibus
1365 3019 1688 3062 armatorum
1726 3027 1794 3060 ex
1830 3008 2050 3078 Belgica
2085 3016 2185 3061 ter·

336 3082 484 3132 ramh
522 3082 711 3133 tiranni
751 3090 976 3151 occupat
1024 3082 1316 3151 urbemque
1370 3080 1713 3132 Trecasinam
1765 3078 2037 3131 obsidione
2087 3077 2185 3129 cir-

434 3216 470 3256 a)
496 3220 577 3256 post
605 3216 688 3247 add.
793 3216 827 3256 b)
859 3217 1250 3263 Comprehenduntur·
1270 3218 1303 3248 1.
1419 3214 1451 3256 c)
1481 3216 1542 3252 hic,
1571 3215 1672 3255 siqno
1700 3215 1889 3256 indicante,
1917 3214 2043 3253 aliqua
2070 3213 2186 3244 deesse

335 3266 510 3296 videntur.
612 3264 648 3305 d)
679 3265 782 3304 regio
814 3267 845 3296 1.
947 3266 981 3307 e)
1011 3267 1124 3298 situm
1155 3267 1185 3298 1.
1275 3265 1304 3306 f>
1333 3264 1370 3295 in
1398 3265 1471 3296 loco
1499 3274 1594 3295 raso.
1680 3263 1717 3304 g)
1746 3264 1791 3294 B.
1819 3273 1847 3295 c.
1956 3261 1994 3302 h)
2024 3263 2065 3294 in
2091 3264 2120 3294 t.
2150 3262 2186 3294 1.

462 3375 506 3427 1)
542 3374 714 3417 Similia
747 3374 875 3415 Flod.
910 3389 949 3416 a.
985 3376 1088 3416 949.
1124 3375 1178 3416 de
1211 3374 1426 3416 Lauduno
1463 3378 1591 3427 capto
1625 3373 1772 3414 refert.
1905 3370 1953 3425 2)
1990 3371 2186 3412 Plurium

336 3449 547 3477 annorum
581 3436 763 3476 historia
795 3438 1106 3490 praetermissa
1132 3441 1209 3487 est,
1242 3449 1372 3490 quam
1394 3437 1439 3475 in
1462 3434 1566 3476 folio
1595 3438 1744 3475 assuto
1768 3432 2017 3488 suppletam
2039 3432 2187 3482 fuisse,

336 3497 572 3538 verisimile
608 3502 687 3538 est.
842 3497 887 3547 3)
922 3498 1126 3539 Divionis
1162 3497 1530 3551 expugnationem
1563 3495 1630 3536 bis
1663 3499 1811 3536 narrat
1843 3493 1972 3535 Flod.
2009 3506 2049 3534 a.
2082 3492 2187 3533 959.

339 3563 381 3597 et
415 3558 516 3604 960,
550 3558 633 3599 hoc
668 3570 781 3598 anno
815 3558 966 3598 urbem
1002 3557 1102 3600 dolo
1137 3563 1311 3613 captam
1344 3557 1550 3598 referens.
