2240 3879
73 1292 88 1308 '
114 1304 149 1336 p.
179 1295 262 1329 650.

279 251 364 291 166
671 247 926 289 RIOHERI
957 246 1376 288 HISTORIARUM
1408 247 1593 288 LIBER
1625 247 1737 289 1111.

275 388 381 440 biis
418 385 980 456 combustionibusque
1014 385 1235 438 affecita.
1297 385 1370 436 Et
1407 403 1526 436 cum
1564 385 1708 455 apud
1731 385 1981 438 Blesumb
2020 386 2138 440 loca

277 457 582 510 suburbana
620 456 980 521 succenderet,
1026 454 1285 507 incendiis
1339 473 1468 506 aura
1515 453 1675 507 fiante
1725 457 2136 526 circumquaque

279 526 692 595 erumpentibuS,
729 527 784 576 in
833 525 1148 577 coenobium
1184 523 1563 575 monachorum
1608 525 1775 576 sancti
1822 526 2137 579 confessoris

275 596 598 648 Laudomari
633 596 772 664 ignis
809 594 1066 664 plurimus
1104 593 1350 648 evolavit.
1423 593 1584 658 Quod
1619 612 1748 645 mox
1784 596 2137 662 combustum,

278 666 512 717 dirutum
536 665 651 717 fuit.
703 664 825 717 Cibi
852 682 1061 733 quoque
1088 663 1407 732 consumpti.
1460 662 1615 715 Unde
1637 681 1738 714 nec
1756 664 2140 716 monachorum

278 736 524 804 migratio
563 735 746 786 defuit.
818 733 918 784 His
958 735 1235 802 exemptis,
1274 734 1330 783 in
1364 732 1481 784 loca
1518 731 1621 783 alia
1659 734 1954 785 exercitum
1979 741 2139 786 retor-

281 813 407 874 quet
443 813 495 857 et
541 811 728 855 vastat.
819 803 949 855 Post
985 804 1132 853 cuius
1171 803 1464 871 digressum
1513 802 1632 854 Odo
1683 804 1738 853 in
1793 804 1906 854 eius
1944 811 2141 855 terram

276 892 432 925 versa
478 874 592 925 vice
641 873 934 924 exercitum
980 871 1217 938 induxit,
1275 874 1350 923 sic
1393 874 1449 923 in
1499 890 1562 923 ea
1610 871 1884 934 efferatuS,
1939 880 1999 924 ut
2042 890 2142 926 nec

278 943 549 1011 tugurium
592 940 677 994 vel
712 939 912 1010 gallum
955 940 1298 1010 relinqueret,
1354 941 1559 993 hostem
1607 952 1938 1011 provocans0
1987 950 2038 995 et
2085 950 2144 995 ut

279 1012 624 1064 dimicaturus
659 1012 839 1063 veniat
874 1011 1118 1062 invitans.
1193 1010 1288 1062 Ille
1326 1020 1505 1063 autem
1543 1013 1724 1080 copias
1763 1029 1870 1063 non
1898 1011 2140 1063 sufficere

280 1081 382 1134 sibi
409 1098 749 1150 cognoscens,
787 1081 1102 1150 provocanti
1134 1082 1291 1132 cessit
1327 1089 1486 1150 atque
1513 1081 1580 1132 ad
1608 1098 1704 1132 sua
1729 1080 1900 1133 rediit.
1963 1081 2141 1151 Atque

278 1149 409 1202 haec
445 1151 554 1203 fere
590 1170 687 1220 per
721 1149 996 1208 biennium
1011 1161 1043 1202 1.

281 1280 364 1333 80.
436 1278 694 1332 *Oratiod
730 1279 1058 1349 legatorumd
1098 1279 1301 1332 Odonis
1347 1280 1491 1350 apud
1538 1280 1756 1349 regemd
1795 1280 1860 1332 de
1896 1278 2144 1332 Miliduni

1000 1350 1311 1419 pervasione
1326 1350 1368 1382 d·
1383 1360 1419 1401 θ.

422 1434 541 1487 Odo
579 1435 776 1485 interea
815 1441 986 1485 castro
1025 1434 1218 1485 amisso
1257 1434 1563 1499 frustratUS,
1604 1434 1763 1485 etiam
1796 1434 1854 1484 in
1886 1434 1988 1485 hoc
2028 1453 2142 1486 sese

282 1504 645 1555 cautissimum
681 1501 928 1555 habebat.
997 1503 1374 1555 Arbitrabatur
1400 1503 1593 1554 etenim
1618 1501 1820 1571 duplici
1847 1502 2143 1557 calamitate

281 1592 336 1625 se
361 1591 518 1642 posse
543 1573 795 1641 torqueri,
835 1589 955 1623 cum
994 1572 1088 1623 def
1122 1573 1281 1624 castri
1308 1573 1589 1624 amissione
1621 1570 1912 1641 plurimum
1946 1572 2146 1626 doleret

280 1649 331 1695 et
368 1662 399 1694 a
434 1661 561 1711 rege
597 1643 731 1694 irato
757 1659 864 1693 non
900 1641 1238 1694 mediocriter
1273 1640 1473 1694 valeret
1497 1642 1690 1710 urgeri.
1764 1641 1923 1694 Unde
1956 1650 2008 1694 et
2031 1644 2145 1712 regi

277 1711 481 1781 legatos
521 1711 729 1777 direxit,
772 1730 870 1781 per
919 1730 1051 1781 quos
1103 1730 1218 1764 sese
1271 1713 1469 1781 optime
1518 1712 1823 1763 ratiocinari
1871 1730 2028 1782 posse
2079 1712 2145 1765 de

279 1781 501 1834 obiectis
551 1781 1014 1851 quibuscumqueg
1069 1790 1403 1851 suggereret:
1469 1799 1582 1833 sese
1637 1783 1691 1832 in
1744 1780 1887 1833 nullo
1942 1782 2145 1851 regiam

279 1853 609 1904 maiestatem
632 1850 817 1903 lesisse
845 1859 1194 1903 ostensurum.
1260 1851 1318 1903 Si
1343 1851 1408 1904 de
1433 1850 1692 1903 Miliduno
1719 1859 1924 1920 agatur,
1963 1860 2147 1904 contra

279 1940 461 1990 regem
495 1919 570 1971 nil
605 1920 731 1972 mali
765 1920 1023 1987 molitum,
1063 1939 1183 1972 cum
1220 1939 1329 1972 non
1363 1922 1494 1989 regi,
1534 1920 1627 1972 sed
1665 1938 1758 1972 suo
1798 1921 2146 1974 commilitoni

279 1989 411 2041 illud
436 1989 754 2042 abstulisset
814 1991 950 2059 Regi
973 1990 1103 2040 nihil
1141 1990 1453 2059 derogatum
1489 1990 1665 2057 fuisse,
1706 2008 1826 2042 cum
1861 1993 1977 2061 ipse
2001 1993 2144 2060 regis

282 2078 451 2130 aeque
501 2060 568 2111 sit
612 2068 671 2111 ut
713 2058 799 2111 ille
848 2061 932 2110 cui
980 2059 1212 2112 abstulit.
1292 2060 1540 2129 Nihilque
1588 2061 1843 2114 interesse
1889 2069 2145 2130 quantum

282 2129 352 2180 ad
393 2130 595 2198 regiam
633 2128 973 2198 dignitatem,
1031 2130 1353 2199 quicumque
1395 2138 1586 2182 teneat.
1679 2129 1807 2182 Sese
1851 2132 2044 2182 etiamh
2088 2130 2145 2182 id

281 2199 434 2250 iustis
472 2199 645 2250 causis
683 2199 934 2265 effecisse,
974 2216 1095 2249 cum
1131 2197 1260 2250 illud
1309 2217 1340 2250 a
1378 2201 1485 2250 suis
1535 2199 1932 2268 precessoribus
1983 2199 2144 2251 olimg

281 2286 588 2337 possessum
626 2269 912 2337 approbari
960 2269 1142 2337 possit.
1234 2268 1390 2320 Unde
1436 2270 1594 2320 etiam
1638 2268 1807 2320 videri
1842 2287 2024 2339 posse,
2076 2280 2144 2321 ag

282 2357 337 2390 se
376 2337 588 2405 dignius
625 2339 791 2389 teneri
828 2337 1020 2389 debere
1061 2357 1220 2407 quam
1255 2339 1320 2390 ab
1355 2337 1457 2389 alio
1486 2356 1841 2407 quocumque.
1903 2338 2144 2392 Tandem

281 2409 325 2458 si
366 2408 493 2476 quid
530 2406 728 2476 piaculi
763 2407 961 2458 factum
1000 2415 1094 2474 est,
1131 2409 1187 2458 in
1225 2426 1337 2460 sese
1374 2426 1604 2476 poenam
1641 2408 1917 2460 dedecoris
1951 2409 2144 2460 redun-

282 2476 437 2528 dasse
473 2484 786 2546 tantumque
824 2476 993 2528 scelus
1030 2478 1149 2546 pari
1186 2478 1476 2547 ignominia
1518 2477 1830 2530 abstersum.
1897 2477 2054 2530 Unde
2093 2487 2144 2532 et

280 2546 488 2598 facilius
527 2545 628 2597 sibi
663 2545 1051 2615 indulgendum
1088 2554 1244 2616 atque
1281 2549 1336 2598 in
1372 2556 1519 2599 tanta
1549 2547 1740 2598 iniuria
1776 2546 2003 2617 amplius
2026 2566 2143 2617 par-

283 2616 525 2667 cendum.
640 2616 759 2667 Rex
813 2617 1064 2667 orationis
1118 2619 1230 2667 vim
1279 2616 1582 2683 advertens,
1643 2616 1829 2685 legatis
1889 2619 2144 2670 satisfacit

282 2684 798 2754 benivolentiamque
833 2686 1034 2756 petenti
1057 2686 1290 2738 mandat.
1339 2686 1490 2738 Haec
1516 2685 1676 2755 legati
1697 2686 1875 2739 Odoni
1893 2686 2141 2740 referunt.

286 2753 406 2806 Odo
444 2756 622 2824 itaque
659 2773 840 2823 regem
877 2754 1021 2807 adiit.
1108 2755 1303 2807 Coram
1349 2775 1452 2826 quo
1491 2757 1727 2807 oratione
1765 2756 1962 2809 utiliter
1998 2775 2141 2824 USUS,

286 2824 397 2875 eius
433 2825 604 2892 gratia
627 2826 826 2893 potitus
853 2832 952 2891 est3
989 2832 1133 2876 tanta
1159 2825 1466 2877 affabilitate
1493 2826 1730 2894 insignis,
1767 2835 1825 2878 ut
1854 2826 2140 2878 amicitiam

284 2893 560 2962 pristinam
596 2904 911 2947 renovarent
948 2902 998 2945 et
1034 2896 1089 2945 in
1124 2893 1266 2946 nullo
1305 2902 1579 2964 suspectus
1617 2896 1731 2964 regi
1766 2895 2064 2948 haberetur.

333 3022 415 3073 81.
491 3021 698 3074 Belltm]
732 3024 869 3076 inter
908 3025 1152 3078 Odonem
1191 3026 1262 3076 eti
1299 3023 1616 3076 Fuleonemi
1655 3024 1719 3076 de
1757 3025 2093 3078 Brittannia&

425 3106 544 3157 Hac
578 3115 889 3175 tempestate
925 3109 1110 3161 itidem
1147 3108 1322 3160 civilia
1345 3108 1485 3161 bella
1520 3117 1763 3178 reparata
1795 3118 1931 3162 sunt.
2003 3110 2142 3163 Nam

286 3174 452 3228 Fulco
498 3176 825 3228 Brittanniae
880 3186 1029 3246 parte
1085 3178 1394 3245 frustratus,
1447 3179 1666 3230 insidias
1721 3178 1895 3230 adhuc
1951 3198 2139 3249 parare

386 3340 422 3381 a)
451 3342 613 3380 percutit
639 3350 815 3380 superscr.
842 3342 981 3375 affecit.
1082 3342 1120 3384 b)
1149 3344 1193 3375 B.
1211 3348 1374 3375 castrum
1394 3346 1426 3377 1.
1527 3342 1560 3383 c)
1589 3351 1774 3383 provocas
1801 3352 1893 3375 corr.
1913 3352 2135 3384 provocanS.
2172 3348 2174 3350 '

288 3388 325 3429 d)
367 3398 399 3426 o,
428 3398 523 3429 rum,
550 3398 691 3430 regem,
729 3399 800 3421 one
827 3391 919 3422 absc.
1070 3390 1105 3433 e)
1144 3391 1352 3434 capti(one)
1381 3394 1412 3423 1.
1561 3390 1591 3431 f)
1627 3392 1666 3423 iu
1696 3394 1727 3423 1.
1869 3390 1907 3432 g)
1939 3397 2022 3433 post
2057 3392 2137 3424 add.

287 3438 328 3478 11)
357 3439 539 3469 etiamid
563 3439 672 3469 iustis
701 3447 731 3470 c.
761 3439 798 3469 id
827 3448 858 3471 e.
887 3450 915 3470 c.
1017 3439 1044 3480 i)
1074 3444 1109 3472 et
1135 3440 1390 3482 F(ulconem)‚
1416 3444 1496 3472 ttan
1526 3441 1616 3473 absc.

412 3547 456 3597 1)
489 3547 558 3586 De
602 3548 756 3587 harum
798 3561 941 3588 rerum
983 3553 1180 3603 tempore
1226 3563 1379 3603 parum
1415 3553 1600 3590 constat.
