2240 3879
161 431 230 463 946

47 2287 58 2298 ⁸
76 2288 141 2321 fol.
162 2289 232 2321 24‘.

245 272 300 311 68
670 266 925 307 RIOHERI
958 263 1376 306 HISTORIARUM
1407 263 1591 304 LIBER
1623 263 1685 304 II.

246 415 485 472 mortem,
531 408 587 456 ni
633 405 776 475 quod
811 403 994 456 volunt
1030 402 1239 468 efficiat,
1285 402 1703 468 interminantur,
1750 409 1808 452 ut
1855 399 2104 453 videlicet

245 496 408 530 naves
448 474 631 528 solvat.
705 475 970 526 Pervasus
1008 490 1132 541 ergo
1172 489 1234 523 ac
1271 472 1498 537 terrimS,
1536 489 1698 523 naves
1738 469 1906 523 solvit.
1965 469 2100 522 Con-

245 547 467 616 silioque
506 546 651 611 inito,
701 545 939 595 vinctum
987 543 1111 594 navi
1149 542 1420 606 conitiunt,
1471 558 1533 590 ac
1569 559 1730 592 naves
1768 538 1963 609 singuli
2001 541 2103 590 sin-

244 616 394 687 gulas
432 615 501 668 ad
537 615 659 667 litus
700 613 980 665 deducunt.
1053 612 1241 663 Eiecto
1267 628 1394 662 vero
1427 608 1636 679 hospite
1661 610 1836 661 vincto
1850 618 1886 676 ³,
1923 610 2103 661 navim

245 705 406 738 unam
444 703 625 737 omnes
675 684 916 751 ingressi,
960 681 1089 733 alias
1143 688 1388 751 repetunt
1432 697 1493 731 ac
1540 697 1733 731 novem
1778 680 1970 730 iterum
2018 678 2106 732 116-

246 757 461 808 ducunt.
551 754 836 823 Octiesque
885 751 1105 803 fluvium
1142 751 1385 816 remensi,
1424 768 1586 802 naves
1634 766 1853 800 numero
1900 750 1966 800 72
2014 747 2105 800 ab·

246 825 525 878 duxerunt.

388 893 470 946 58.
527 893 674 944 Dum
711 891 842 943 haec
880 898 1199 960 gererentur,
1238 908 1424 959 regum
1463 890 1728 941 exercitus
1765 889 1822 939 in
1857 888 1977 958 ipsa
2000 887 2106 940 diei

250 965 463 1016 orientis
523 981 711 1014 aurora
770 961 930 1012 fluvio
981 961 1132 1012 affuit
1183 978 1452 1029 navesque
1508 967 1721 1028 paratas
1778 976 1897 1009 cum
1945 958 2106 1010 remis

248 1035 462 1098 invenit,
515 1051 645 1102 quas
694 1032 889 1082 tirones
927 1049 1048 1081 cum
1096 1031 1256 1082 armis
1302 1031 1542 1099 ingressi,
1591 1029 1848 1097 navigant
1884 1045 1946 1079 ac
1983 1046 2105 1079 exa-

252 1112 492 1173 quantur.
577 1101 716 1152 Tum
762 1102 1176 1170 circumquaque
1220 1099 1475 1170 palantes,
1520 1098 1662 1150 nullo
1714 1097 2027 1167 prohibente
2075 1116 2107 1149 a

251 1174 473 1225 diversis
511 1171 752 1241 portibus
790 1170 919 1222 alias
944 1171 1159 1239 rapiunt
1195 1178 1246 1221 et
1278 1170 1596 1221 exercitibus
1625 1169 1905 1221 deducunt.
1967 1167 2107 1219 Nam

253 1243 343 1313 qui
378 1243 488 1294 ruri
525 1240 804 1310 degebant,
842 1241 1153 1292 irruentium
1190 1247 1333 1291 metu
1359 1257 1540 1291 01111163
1568 1239 1915 1308 auffugerant.
1977 1237 2109 1289 Dux

250 1331 375 1364 vero
430 1310 728 1363 Aurelianis
785 1329 897 1362 sese
953 1318 1238 1380 receperat.
1331 1308 1486 1362 Unde
1549 1318 1600 1361 et
1660 1310 1752 1378 qui
1805 1308 2106 1360 resistereth

251 1382 449 1434 aberat.
522 1379 760 1433 Navibus
797 1382 976 1450 itaque
1015 1381 1232 1431 conexis
1269 1398 1331 1430 ac
1368 1378 1532 1430 multo
1571 1378 1761 1430 robore
1797 1377 2106 1447 compactis,

251 1451 485 1503 liburnas
525 1449 765 1502 solidant.
842 1450 987 1515 Quas
1024 1451 1293 1519 ingressus
1332 1450 1610 1514 exercitus,
1651 1448 1874 1499 fluvium
1903 1447 2105 1499 transit=

251 1522 394 1572 Dein
432 1530 569 1573 terra
612 1520 828 1588 recepti,
877 1518 1137 1571 incendiis
1182 1518 1467 1589 predisque
1504 1518 1905 1570 vehementibus
1941 1525 2109 1569 totam

250 1592 520 1659 regionem
558 1608 724 1659 usque
752 1589 984 1657 Ligerim
1024 1588 1330 1658 depopulati
1367 1596 1502 1639 sunt.
1559 1589 1687 1639 Post
1709 1588 1842 1638 haec
1871 1586 2110 1638 feruntur

251 1662 306 1711 in
342 1667 538 1711 terram
574 1667 885 1728 pyratarum
934 1675 997 1709 ac
1045 1658 1309 1710 solotenus
1359 1657 1650 1709 devastant.
1728 1657 1923 1727 Sicque
1967 1657 2108 1726 regis

251 1730 499 1781 iniuriam
551 1729 800 1780 atrociter
843 1726 952 1794 ulti,
1009 1729 1107 1779 iter
1156 1728 1224 1780 ad
1275 1746 1369 1778 sua
1412 1734 1730 1797 retorquent.
1804 1726 2109 1779 Ludovicus

252 1817 373 1851 vero
411 1818 506 1850 rex
539 1799 734 1849 Remos
770 1797 920 1849 redit.

311 1899 394 1950 59.
453 1898 692 1964 Qualiter
729 1897 995 1949 Deroldus
1034 1916 1066 1948 a
1104 1897 1370 1967 quodamc
1407 1898 1612 1950 medico
1652 1899 1940 1967 deceptus0
1977 1898 2046 1950 sit

899 1986 1126 2038 eumque
1166 1966 1479 2036 deceperitc.

393 2053 512 2117 Quo
569 2061 807 2121 tempore
867 2052 1311 2104 Ambianensium
1374 2055 1657 2121 episcopus
1717 2051 1984 2105 Deroldus
2039 2051 2107 2104 ab

251 2123 348 2174 hac
383 2124 491 2174 vita
530 2122 808 2188 decessit1,
853 2123 935 2173 vir
971 2121 1273 2191 spectabilis
1319 2139 1380 2172 ac
1418 2121 1680 2191 palatinus
1719 2130 1769 2174 et
1808 2122 2109 2192 quondama

252 2200 303 2244 et
347 2193 461 2261 regi
509 2191 799 2243 admodum
849 2190 1087 2252 dilectus,
1137 2192 1192 2241 in
1240 2199 1352 2242 arte
1399 2191 1693 2244 medicinae
1740 2193 2106 2262 peritissimus.

249 2262 333 2313 De
373 2279 475 2333 quo
514 2262 673 2313 etiam
710 2262 889 2328 fertur,
929 2260 1085 2330 quod,
1127 2279 1246 2311 cum
1285 2260 1458 2313 adhuc
1496 2263 1550 2312 in
1589 2261 1785 2332 palatio
1825 2263 1972 2331 *regi
2003 2281 2106 2314 ser-

249 2332 408 2398 viret,
459 2350 488 2383 a
540 2330 771 2401 quodam
824 2330 1152 2383 Salernitano
1202 2331 1408 2382 medico
1462 2331 1715 2402 deceptus
1772 2333 1839 2383 sit
1881 2351 2107 2402 eumque

250 2401 532 2470 deceperit.
605 2401 819 2452 Etenim
869 2418 989 2451 cum
1036 2409 1256 2470 uterque
1303 2402 1358 2452 in
1408 2408 1518 2453 arte
1568 2401 1862 2454 medicinae
1907 2403 2106 2472 optime

247 2479 442 2539 posset,
494 2477 544 2522 et
592 2471 690 2523 iste
727 2471 841 2540 regi
878 2472 1068 2540 potior,
1121 2469 1484 2523 Sa-lernitanus
1522 2490 1647 2524 vero
1685 2473 1933 2541 reginae*
1970 2473 2107 2542 peri-

247 2542 349 2592 tior
397 2539 684 2606 videretur,
736 2549 1034 2592 commento
1082 2542 1221 2610 regis
1270 2549 1542 2611 repertum
1597 2549 1691 2608 est,
1750 2542 1866 2611 quis
1922 2560 2106 2594 eorum

249 2611 458 2662 rerumd
506 2619 718 2662 naturas
766 2612 936 2679 magis
987 2611 1299 2664 dinosceret.
1374 2611 1538 2664 Iussit
1587 2612 1781 2664 etenim
1833 2629 2012 2664 coram
2050 2631 2106 2666 36

248 2678 364 2731 11103
403 2679 688 2732 consedere
726 2682 996 2747 60111711763,
1053 2698 1270 2732 causam
1307 2682 1385 2733 rei
1421 2683 1630 2751 penitus
1670 2680 2006 2734 dissimulans
2043 2701 2107 2734 ac

250 2767 374 2817 sepe
411 2751 486 2801 eis
525 2751 823 2819 questiones
860 2768 1178 2820 proponens·
1252 2751 1386 2816 Quis
1427 2770 1493 2804 ue
1519 2759 1577 2803 ut
1601 2759 1808 2821 poterat
1831 2752 2107 2821 proposita

251 2818 502 2870 solvebat.
576 2818 877 2871 Derolduse
918 2820 1148 2889 quidem,
1204 2771 1717 2890 utpoteqlitterarum
1754 2822 1953 2874 artibus
1991 2841 2105 2874 eru-

251 2886 405 2954 ditus,
443 2887 784 2956 probabiliter
810 2889 1016 2942 obiecta
1041 2890 1350 2942 diffiniebat.
1391 2890 1753 2943 Salernitanus
1778 2909 1921 2959 17610,
1946 2891 2106 2945 licet‘³¹

250 2956 392 3008 nulla
428 2958 718 3009 litterarum
757 2961 977 3012 scientia
1012 2960 1265 3029 preditUS,
1312 2968 1490 3013 tamen
1527 2979 1596 3012 ex
1631 2962 1846 3030 ingenio
1885 2970 2105 3015 naturae

250 3025 469 3078 multam
506 3028 559 3077 in
597 3026 754 3079 rebus
793 3031 1178 3098 experientiam
1214 3030 1460 3083 habebat.
1533 3031 1700 3100 Regio
1739 3033 1919 3102 itaque
1955 3032 2105 3085 iussu

250 3095 443 3147 cotidie
489 3096 778 3162 consident,
829 3115 891 3149 ae
938 3118 1122 3151 mensa
1169 3101 1317 3169 regia
1366 3100 1611 3152 continue
1661 3120 1768 3153 una
1815 3103 2103 3171 potiuntur.

250 3165 320 3218 Et
358 3164 440 3217 die
480 3165 710 3235 quadam
749 3167 811 3219 de
850 3168 1259 3222 dinamidiarum
1297 3169 1606 3222 differentiis
1645 3170 1973 3240 disputatum
2000 3179 2102 3239 est3

373 3299 407 3353 *)
442 3302 725 3342 Frederunae
760 3303 864 3344 add.
902 3305 940 3343 1.

275 3466 286 3506 )
316 3420 384 3499 Da)
417 3426 497 3476 post
526 3422 607 3453 add.
744 3423 781 3462 b)
813 3425 1004 3456 resisterat
1035 3427 1064 3457 1.
1193 3424 1227 3467 6)
1265 3435 1313 3467 111,
1344 3429 1465 3467 eptus,
1494 3428 1614 3467 eperit
1641 3426 1733 3460 absc.
1873 3426 1910 3469 d)
1939 3428 1979 3460 in
2007 3437 2036 3461 r.
2067 3429 2103 3460 1.

251 3478 270 3497 (¹
355 3493 361 3500 .
392 3481 426 3508 q.
457 3480 491 3501 tn
522 3480 632 3510 τηαν-9.

377 3570 416 3617 1)
452 3567 730 3612 Flodoardus
765 3577 948 3613 mortem
982 3574 1170 3616 Deroldi
1201 3578 1373 3616 tantum
1405 3575 1552 3617 refert.
