2240 3879
513 256 763 298 RICHERI
795 254 1205 297 HISTORIARUM
1237 254 1419 294 LIBER
1450 254 1514 295 ΙΙ.
1879 255 1934 294 83

111 395 234 465 quia
269 400 399 463 pera
435 394 679 445 astutiam
717 394 827 446 eius
872 392 1189 462 principium
1233 389 1426 441 utilitas
1471 390 1691 459 aggredi
1736 391 1934 458 suadet,
1952 411 2039 444 949.

107 472 261 533 prout
295 461 425 513 mihi
461 462 682 529 videtur,
720 462 956 514 cohortes
993 460 1191 529 aliquot
1227 477 1376 510 secus
1411 468 1640 510 montem
1666 461 1720 510 in
1745 460 1934 513 abditis

105 530 380 601 ponendae
418 538 554 583 sunt.
624 529 1058 601 Exspectandum
1095 528 1266 594 etiam,
1307 545 1410 597 qua
1438 536 1746 597 tempestate
1773 547 1934 599 equos

107 600 334 654 educant
369 618 624 671 agasones
671 600 945 652 herbatum
993 605 1349 668 potatumque.
1435 598 1539 662 Qui
1575 615 1695 649 cum
1738 598 1793 649 in
1842 617 1934 650 suo

105 677 341 740 tempore
379 672 576 739 egressi
611 670 802 721 fuerint
838 676 890 720 et
923 667 989 720 ab
1029 666 1450 719 observatoribus
1476 684 1654 717 eorum
1697 685 1935 736 egressus

107 748 158 791 et
193 758 440 791 numerus
478 739 630 791 nobis
666 739 929 802 referetur,
978 755 1105 788 mox
1140 736 1208 787 ad
1244 754 1423 788 eorum
1458 754 1735 788 numerum
1769 735 1937 788 lectis-

109 810 229 859 simi
265 809 480 861 iuvenes
516 807 723 861 *eodem
748 812 975 858 scemate
1002 805 1291 875 eodemque
1329 823 1564 871 numerO,
1592 806 1850 874 capitibus
1881 815 1938 857 ut

107 879 210 947 ipsi
247 878 472 946 pilleatis
485 879 523 943 ¹³,
561 877 876 946 farraginem
912 877 968 925 in
1004 876 1150 944 equis
1187 874 1256 927 ad
1280 883 1487 944 portam
1513 875 1762 940 deferant,
1798 874 1938 928 unde

105 946 268 1015 paulo
324 955 443 998 ante
496 964 749 1015 agasones
795 946 1054 1011 exierant,
1104 946 1213 996 acsi
1258 945 1361 1013 ipsi
1409 962 1661 1013 agasones
1707 944 1938 996 redeant.

110 1017 217 1081 Qui
255 1033 372 1066 cum
410 1014 681 1067 altitudine
719 1013 1087 1066 fasciculorum
1123 1021 1395 1082 aspectum
1421 1022 1695 1083 protegere
1721 1015 1939 1082 possint,

105 1084 248 1137 facili
283 1086 524 1154 ingressu
559 1084 745 1136 urbem
780 1084 1142 1153 penetrabunt.
1214 1083 1315 1134 Et0
1346 1101 1413 1134 ne
1453 1082 1579 1152 quid
1614 1082 1939 1152 impossibile

104 1173 136 1205 a
173 1173 257 1205 me
296 1154 495 1205 dictum
533 1155 827 1223 suspiceriS,
865 1171 1044 1205 eorum
1078 1152 1266 1204 ducem
1301 1161 1419 1203 mea
1454 1153 1510 1202 in
1534 1151 1634 1202 hoc
1660 1153 1938 1204 certamine

103 1223 282 1275 offero.
355 1223 549 1275 Animo
585 1231 789 1275 tantum
826 1223 929 1274 sint
964 1222 1237 1274 constanti.
1323 1221 1607 1273 Successus
1655 1239 1778 1272 vero
1820 1221 1938 1272 Deo

100 1291 305 1345 volente
351 1292 761 1361 prosperabitur.
846 1291 904 1344 Si
955 1310 1078 1360 ergo
1125 1291 1488 1360 tempestivius
1535 1292 1674 1342 cives
1722 1289 1939 1341 insidias

101 1361 378 1414 advertant
413 1361 712 1431 bellumque
748 1360 900 1413 nobis
933 1361 1271 1431 paucioribus
1304 1359 1542 1427 inferant,
1579 1359 1747 1410 fixum
1786 1358 1939 1411 nobis

101 1431 278 1482 animo
319 1432 399 1499 sit,
453 1440 542 1483 aut
577 1439 760 1501 portae
796 1433 1092 1500 ingressum
1127 1438 1330 1482 tantum
1378 1430 1527 1496 tueri,
1574 1429 1739 1481 donec
1781 1427 1939 1481 tubae

102 1499 348 1569 clangore
386 1502 643 1553 excitatae
682 1499 919 1552 cohortes
956 1500 1108 1552 nobis
1147 1499 1473 1565 subveniant,
1507 1507 1599 1551 aut
1622 1498 1786 1550 multa
1822 1516 1939 1550 con-

102 1571 293 1621 stantia
329 1571 384 1620 in
419 1569 534 1621 loco
573 1589 728 1640 quem
757 1571 978 1640 quisque
1003 1567 1295 1639 possidebit
1317 1569 1720 1636 magnanimiter
1745 1570 1937 1620 emori’.

239 1654 321 1705 90.
377 1654 696 1705 Huiusmodi
731 1673 906 1706 rerum
953 1652 1226 1723 dispositio
1281 1652 1522 1705 omnibus
1559 1661 1682 1721 apta
1715 1651 1938 1704 videtur.

103 1722 482 1775 Observatores
521 1725 696 1793 itaque
723 1723 924 1789 directi,
962 1741 1250 1792 agasonum
1277 1721 1705 1773 consuetudinem
1737 1739 1938 1773 eorum-

103 1811 205 1862 que
243 1792 496 1859 habitum,
533 1800 740 1862 tempus
779 1811 985 1862 quoque
1024 1801 1074 1844 et
1107 1810 1384 1843 numerum
1420 1791 1772 1860 promtissime
1809 1790 1940 1842 refe-

100 1870 236 1913 runt.
307 1862 394 1913 Ad
431 1880 608 1913 eorum
651 1880 857 1932 quoque
904 1861 1125 1913 relatum
1172 1860 1408 1912 cohortes
1453 1863 1509 1912 in
1553 1859 1746 1912 abditis
1790 1877 1938 1911 secus

101 1939 333 1983 montem
360 1931 645 2000 dispositae
673 1940 808 1983 sunt.
879 1932 982 1982 Pro
1008 1949 1224 1982 numero
1253 1931 1409 1981 etiam
1435 1947 1724 1998 agasonum
1748 1928 1938 1980 milites

103 2020 223 2052 cum
242 2007 391 2070 patre
411 2019 527 2053 meo
554 2001 743 2052 iuratid
762 2000 829 2051 ad
848 1999 1208 2069 peragendum
1233 2000 1308 2050 rei
1332 1999 1602 2068 negotium
1628 1998 1936 2066 diriguntur.

101 2069 376 2138 Agasones
413 2070 590 2140 itaque
626 2088 842 2121 numero
897 2070 964 2121 60
1010 2069 1232 2138 sumptis
1278 2069 1436 2120 armis
1473 2086 1619 2119 more
1656 2067 1806 2119 solito
1844 2086 1939 2136 per

100 2140 293 2190 montis
353 2139 556 2191 devexa
616 2140 874 2208 capitibus
934 2137 1157 2207 pilleatis
1214 2137 1282 2189 ad
1340 2137 1655 2206 farraginem
1728 2136 1939 2188 descen-

102 2209 245 2260 dunt.
318 2208 390 2260 Et
427 2210 567 2260 circa
604 2210 803 2260 carices
841 2207 1192 2277 colligendose
1231 2208 1490 2276 occupati,
1528 2225 1730 2258 moram
1766 2225 1937 2276 regre-

102 2277 279 2330 diendi
338 2277 715 2348 aliquantisper
772 2278 988 2329 facitmt.
1082 2278 1155 2328 At
1210 2277 1386 2346 paterf
1439 2294 1587 2327 meus
1652 2283 1703 2327 et
1755 2277 1793 2326 ii
1849 2277 1938 2345 qui

1954 827 1966 840 ⁸
1982 838 2017 869 p.
2049 828 2131 861 608.

102 2347 258 2398 iurati
303 2364 424 2398 cum
462 2366 522 2399 eo
559 2354 706 2399 erant
749 2347 1045 2399 vehementi
1079 2348 1255 2398 animo
1295 2345 1597 2397 succedunt.
1669 2345 1936 2414 Factoque
1991 2353 1997 2357 ’

104 2417 330 2485 agmine,
383 2415 606 2485 pilleatis
663 2416 920 2486 capitibus
974 2434 1119 2468 more
1172 2434 1463 2484 agasonum
1517 2432 1635 2465 cum
1670 2413 1936 2465 fasciculis

103 2484 380 2553 farraginis
405 2487 768 2555 tempestivius
795 2485 1023 2537 reditum
1057 2483 1365 2550 accelerant,
1402 2483 1761 2551 magnitudine
1786 2483 1935 2533 fasci-

105 2553 339 2605 culorum
364 2553 536 2606 vultus
561 2555 769 2624 penitus
793 2553 1058 2606 abdentes.
1114 2552 1317 2618 Quibus
1343 2552 1759 2618 advenientibus,
1785 2561 1938 2621 porta

104 2623 367 2692 patefacta
425 2631 518 2675 est.
613 2623 683 2674 Et
741 2623 951 2674 indivisi
1010 2621 1195 2674 urbem
1254 2629 1543 2692 penetrant.
1633 2620 1935 2672 Fasciculos

103 2694 280 2763 itaque
362 2692 596 2745 abiciunt
676 2700 727 2744 et
804 2690 1007 2761 gladios
1070 2691 1313 2743 educunt.
1409 2691 1573 2742 Tubis
1653 2698 1936 2759 personant

104 2762 416 2831 magnisque
455 2760 770 2813 clamoribus
816 2761 999 2813 urbem
1050 2760 1374 2812 conturbant.
1457 2759 1660 2811 Urbani
1697 2778 1821 2828 ergo
1858 2761 1934 2810 in-

106 2830 264 2881 sidias
303 2832 696 2900 comperientes,
735 2849 853 2881 cum
891 2831 1047 2881 armis
1092 2831 1147 2880 in
1191 2829 1368 2880 hostes
1413 2828 1661 2881 feruntur.
1733 2830 1936 2880 Instant

106 2917 300 2966 omnes,
349 2908 400 2952 et
447 2899 769 2952 validissime
825 2897 1038 2968 plurimi
1083 2915 1279 2968 paucos
1333 2898 1604 2967 adurgent.
1676 2898 1749 2950 At
1801 2900 1934 2967 regii

103 2968 291 3022 milites
328 2988 359 3021 a
394 2970 510 3022 leva
547 2968 759 3039 quidem
795 2969 939 3034 turri,
976 2986 1008 3018 a
1044 2967 1230 3019 dextra
1265 2986 1388 3019 vero
1423 2967 1681 3034 domibus,
1720 2987 1751 3019 a
1785 2976 1933 3037 tergo

104 3046 280 3090 autem
333 3057 482 3090 muro
536 3038 681 3091 urbis
734 3037 1159 3107 protegebantur,
1212 3055 1420 3088 omnem
1474 3037 1582 3088 vim
1636 3036 1758 3088 belli
1795 3045 1935 3088 ante-

104 3104 378 3175 habentes3
426 3107 565 3160 unde
616 3117 666 3160 et
710 3107 869 3158 tutius
915 3106 1401 3176 congrediebantur.
1485 3106 1595 3157 Nec
1631 3104 1843 3157 ulterius
1879 3106 1935 3156 in

104 3173 279 3228 hostes
333 3177 597 3229 audebant
650 3175 931 3246 progredi,
986 3194 1052 3227 ne
1107 3175 1391 3228 adversarii
1444 3194 1475 3226 a
1527 3183 1672 3243 tergo
1729 3182 1935 3242 portam

104 3262 380 3312 pervasam
421 3253 730 3316 repeterent,
769 3252 819 3296 et
854 3263 919 3295 ne
956 3245 1031 3295 sic
1054 3244 1177 3295 facti
1201 3243 1427 3296 hostium
1454 3244 1614 3295 medii
1649 3244 1932 3295 interirent.

104 3313 270 3365 Instat
303 3316 481 3385 itaque
519 3316 739 3385 quisque
764 3315 820 3364 in
842 3312 957 3365 loco
986 3331 1144 3383 quem
1168 3313 1417 3382 possidet.
1490 3313 1561 3364 Et
1584 3314 1689 3363 iam
1714 3312 1934 3362 nimium

203 3406 240 3448 a)
275 3413 355 3448 poet
388 3411 469 3443 add.
595 3409 633 3452 b)
663 3409 851 3442 obvolutis
878 3409 909 3438 1-
1033 3406 1066 3448 e)
1094 3406 1219 3446 Atque
1252 3416 1381 3440 eorum
1409 3408 1442 3438 d.
1474 3409 1510 3446 13
1545 3416 1637 3439 corr.
1667 3407 1700 3448 2,
1728 3408 1788 3446 qui
1813 3407 1861 3438 Et
1891 3425 1932 3430 -—

104 3456 306 3495 suspiceris
331 3458 370 3488 in
394 3468 504 3498 marq.
533 3460 612 3493 add.
641 3459 705 3501 (id,
732 3458 809 3490 bile
837 3466 872 3496 a,
897 3465 973 3496 um,
1001 3457 1050 3487 ris
1077 3455 1185 3496 absc.)
1327 3454 1364 3496 d)
1393 3457 1419 3488 i.
1448 3456 1640 3494 eliguntur
1667 3457 1698 3485 1.
1824 3453 1860 3495 e)
1887 3456 1934 3486 ad

105 3503 199 3534 latus
234 3505 416 3537 verborum
442 3508 490 3538 Et
516 3517 546 3540 c.
577 3517 606 3541 e.
636 3506 870 3545 colligendos
896 3505 935 3536 in
961 3505 1120 3545 maryine
1145 3505 1325 3546 scriptum,
1352 3505 1411 3535 secl
1436 3508 1474 3534 ut
1502 3504 1636 3534 videtur
1658 3508 1738 3543 post
1765 3504 1932 3535 deletum:

104 3550 212 3583 Unde
239 3553 362 3584 etiam.
460 3554 489 3596 f)
516 3565 552 3596 p.
578 3565 626 3588 m.
655 3556 736 3587 aliis
762 3554 886 3586 erasis.

1488 3609 1553 3659 6.
