2240 3879
522 223 774 263 RICHERI
810 222 1225 264 HISTORIARUM
1258 222 1442 262 LIBER
1476 222 1537 261 11.
1907 225 1958 262 51

213 362 296 413 23.
352 360 514 430 Hugo
553 379 614 412 ac
652 359 965 413 Heribertus
1003 359 1057 408 in
1092 358 1232 425 regis
1270 357 1508 410 absentia
1544 357 1862 411 Laudunum

884 430 1192 496 inpugnant.

251 514 480 584 Hugone
519 533 643 582 ergo
692 514 930 577 diacono,
982 511 1173 562 tiranni
1210 508 1333 575 filio,
1382 510 1560 561 Remis
1607 510 1802 577 relicto,
1848 514 1954 564 iam

114 584 319 654 pridem
356 585 511 636 etiam
539 585 606 635 ad
633 585 995 652 episcopatum
1045 580 1189 631 urbis
1226 579 1390 647 ipsius
1429 588 1664 640 evocato,
1703 582 1815 648 ipse
1854 582 1956 633 He-

112 652 337 705 ribertus
374 662 532 722 atque
570 653 732 721 Hugo
769 649 1087 702 Laudunum
1126 657 1282 699 cuma
1314 649 1517 716 copiisa
1555 649 1950 718 aggrediuntur,

116 722 441 775 obsidionem
480 722 711 790 undique
736 717 1062 784 adhibenteS,
1099 719 1286 769 urbem
1312 717 1564 770 militibus
1590 736 1815 770 vacuam
1842 720 1956 784 rati,

116 810 177 844 eo
218 791 360 861 quod
398 810 494 843 rex
519 792 574 841 in
598 788 838 860 partibus
865 788 1206 856 Burgundiae
1234 786 1580 839 exterioribus
1607 787 1708 839 alia
1736 796 1956 839 curaret.

114 861 185 913 Et
247 879 350 930 qua
410 867 652 929 poterant
713 864 1106 927 oppugnantes,
1170 856 1377 925 ingredi
1438 857 1774 909 conabantur.
1867 858 1958 909 'At

114 932 304 981 montis
355 930 636 981 eminentia
685 926 1044 995 superioribus
1092 928 1347 995 impares,
1404 944 1508 976 non
1563 927 1723 978 semel
1774 927 1956 978 cedere

116 1000 285 1119 coacti}
332 1007 464 1049 sunt.
537 996 811 1048 Instabant
855 1004 1032 1047 tamen
1080 1014 1142 1046 ac
1190 997 1301 1063 regi
1346 995 1641 1063 ingressum
1689 997 1957 1066 preripere

116 1086 246 1119 cona
287 1075 455 1118 antur.

412 1166 494 1216 ⁶24.
548 1164 730 1232 Regeb
770 1163 1116 1217 advenienteb
1157 1163 1360 1216 obsidio
1400 1162 1664 1215 solviturb.

250 1248 469 1317 Iamque
525 1246 847 1299 ebdomadas
904 1257 1106 1318 septem
1169 1249 1619 1317 obpugnaverant,
1683 1265 1802 1298 cum
1862 1266 1959 1300 rex

112 1316 266 1369 huius
302 1318 380 1369 rei
416 1318 616 1369 accitus
653 1318 852 1384 nuntio,
890 1319 945 1368 in
984 1318 1274 1386 Campania
1320 1319 1568 1369 Remensi
1613 1318 1956 1386 tempestivus

112 1387 272 1438 affuit.
356 1387 427 1437 Et
474 1385 598 1438 licet
644 1404 764 1437 cum
813 1388 1014 1455 paucis,
1064 1386 1286 1438 fiuvium
1334 1394 1510 1438 tamen
1547 1386 1794 1437 Axonam
1842 1405 1955 1456 per-

111 1464 250 1508 meat
287 1464 338 1508 et
373 1456 448 1507 sic
485 1456 541 1506 in
576 1455 752 1507 hostes
790 1456 970 1508 fertur.
1045 1457 1164 1521 Quo
1205 1465 1491 1525 comperto,
1538 1457 1730 1507 tiranni
1744 1466 1776 1522 ⁰,
1815 1458 1954 1525 regis

113 1543 322 1595 quoque
372 1526 608 1576 animum
658 1525 916 1594 simulque
967 1535 1018 1577 et
1065 1527 1382 1595 aequitatem
1427 1525 1836 1595 perpendenteS,
1889 1527 1954 1578 ab

113 1594 385 1647 obsidione
424 1594 716 1645 discedunt.
788 1595 906 1647 Rex
942 1613 1067 1646 vero
1111 1596 1395 1663 ingressus,
1441 1597 1612 1647 victus
1657 1596 1955 1646 necessaria

111 1665 217 1716 suis
266 1666 473 1733 paravit
520 1682 582 1715 ac
633 1682 871 1732 quaeque
922 1664 1199 1716 commoda
1255 1665 1529 1716 ordinavit.
1623 1663 1814 1732 Sicque
1853 1662 1955 1714 alia

112 1733 478 1803 dispositurus,
534 1733 905 1801 Burgundiam
940 1734 1145 1802 repetit.
1235 1734 1299 1784 In
1337 1735 1484 1784 cuius
1524 1733 1755 1785 discessu
1790 1731 1953 1784 Wido

113 1802 425 1855 Suessorum
463 1803 741 1871 episcopus
778 1820 810 1852 a
848 1802 1200 1854 desertoribus
1238 1821 1439 1869 suasus,
1478 1821 1537 1854 eo
1579 1803 1721 1871 quod
1759 1808 1809 1852 et
1839 1802 1953 1871 ipse

111 1890 290 1925 eorum
344 1878 520 1939 partes
577 1871 798 1923 latenter
850 1880 1099 1935 tueretur,
1154 1872 1346 1923 Remos
1399 1873 1632 1937 veniens,
1687 1871 1954 1922 Heriberti

107 1941 273 1993 filium
310 1941 594 2009 Hugonem
631 1939 983 2010 presbiterum
1023 1939 1300 1992 ordinavit.
1372 1941 1529 1992 Unde
1568 1950 1618 1992 et
1656 1959 1777 1992 eum
1803 1947 1954 2008 pater

108 2009 419 2063 sacerdotali
458 2010 712 2078 dignitate
761 2009 1015 2079 ampliare
1068 2011 1303 2078 cupiens,
1351 2019 1409 2061 ut
1446 2009 1697 2061 Artoldus
1745 2008 1952 2078 pontifi-

109 2089 254 2131 catus
293 2080 442 2148 apice
478 2078 715 2147 legaliter
751 2080 1063 2148 privaretur,
1109 2080 1362 2132 instanter
1412 2080 1710 2148 quaerebat.
1787 2078 1950 2130 Cuius

106 2150 182 2200 rei
218 2150 472 2200 rationem
510 2166 630 2199 cum
667 2148 896 2217 Hugone
934 2148 1067 2200 duce
1101 2147 1320 2200 contulit
1345 2168 1406 2200 ac
1432 2150 1487 2199 in
1514 2149 1756 2200 effectum
1780 2148 1950 2216 redigi

107 2217 391 2269 admodum
429 2218 595 2287 petiit.

1976 375 2057 408 940.

1976 867 1985 875 ‘
2003 868 2069 900 fol.
2102 869 2170 901 18¹.

143 2326 225 2378 25.
264 2325 549 2377 Artoldusd
587 2343 619 2376 a
655 2325 1226 2394 comprovincialibusd
1264 2323 1564 2392 episcopisd
1592 2321 1916 2391 repudiatur,
1982 2357 1989 2362 ·

639 2396 724 2446 etd
761 2413 857 2464 pro
897 2413 957 2446 eo
995 2395 1155 2462 Hugo
1195 2393 1418 2462 eligitur.

246 2479 521 2547 Disposita
574 2497 697 2547 ergo
757 2479 1018 2530 rationum
1073 2495 1295 2543 summa,
1350 2475 1625 2526 Remensis
1680 2474 1949 2525 dioceseos
1971 2497 2050 2531 941,

109 2547 387 2616 episcopos
426 2555 734 2613 convocant,
786 2548 876 2616 qui
919 2548 1056 2598 inter
1091 2546 1373 2598 Artoldum
1423 2553 1473 2596 et
1509 2543 1794 2611 Hugonem
1833 2560 1950 2594 con-

107 2617 416 2668 troversiam
477 2616 825 2668 determinent
886 2615 1315 2684 obiectorumque
1384 2613 1543 2664 finem
1611 2613 1950 2663 constituant.

110 2684 331 2737 CoHecti
356 2703 480 2753 ergo
517 2685 658 2754 apud
694 2685 882 2736 urbem
910 2685 1294 2750 Suessonicam,
1330 2684 1385 2733 in
1410 2681 1629 2732 basilica
1655 2689 1951 2732 sanctorum

109 2755 381 2806 martirum
422 2754 653 2823 Crispini
690 2761 741 2805 et
778 2753 1118 2822 Crispiniani,
1157 2753 1354 2804 civium
1386 2751 1727 2802 Remensium
1765 2768 1949 2818 quere-

108 2822 212 2874 lam
249 2824 537 2893 excipiunt,
576 2823 863 2875 dicentium
901 2840 1013 2874 sese
1050 2822 1344 2873 diutissime
1389 2828 1601 2890 pastore
1651 2819 1951 2885 destitutos3
2021 2880 2027 2884 ,

110 2894 195 2945 cuj
244 2893 538 2945 subdantur
583 2901 635 2944 et
679 2891 1049 2961 obsequantur,
1099 2889 1404 2960 suppliciter
1449 2895 1722 2958 expetere,
1780 2887 1951 2939 Artol-

111 2961 238 3014 dum
274 2963 380 3013 iam
418 2981 472 3014 se
509 2961 662 3028 nolle,
701 2979 762 3013 eo
802 2960 944 3030 quod
981 2967 1305 3011 sacramento
1344 2959 1670 3028 episcopium
1708 2956 1950 3026 repudia-

109 3032 266 3099 verit3
304 3040 358 3083 at
393 3031 694 3100 Hugonem,
735 3029 879 3099 quod
905 3030 1140 3081 omnium
1165 3030 1357 3080 unione
1383 3027 1578 3079 electus
1606 3025 1952 3094 omnibusque

111 3101 509 3169 acceptissimus
547 3101 628 3151 sit.
703 3100 943 3164 Quorum
981 3098 1321 3168 querimoniis
1370 3096 1606 3166 episcopi
1643 3102 1951 3159 annuenteS,

112 3169 402 3221 sacerdotio
441 3169 661 3238 dignum
708 3168 994 3236 Hugonem
1039 3175 1293 3233 asserunt,
1345 3184 1406 3217 eo
1453 3165 1596 3235 quod
1638 3183 1743 3216 non
1782 3162 1951 3214 solum

114 3239 284 3290 carnis
329 3237 592 3305 nobilitaS,
638 3237 730 3289 sed
768 3246 819 3289 et
854 3236 1018 3287 animi
1054 3253 1225 3287 mores
1271 3234 1452 3304 pudici
1501 3233 1786 3303 plurimum
1832 3249 1953 3282 eum

115 3307 563 3374 commendarent,
618 3315 790 3359 ratum
844 3306 1001 3358 etiam
1055 3304 1183 3371 fore,
1230 3305 1274 3356 si
1317 3305 1450 3356 tanti
1491 3303 1704 3355 honoris
1749 3300 1954 3352 culmen

213 3461 249 3504 a)
276 3468 354 3504 post
380 3464 464 3496 add.
564 3463 603 3505 b)
631 3464 676 3506 R,
711 3465 762 3505 ni,
800 3472 816 3494 s
853 3462 944 3496 absc.
1046 3459 1079 3501 c)
1106 3460 1330 3494 Heribertus
1365 3463 1402 3492 et
1435 3460 1548 3499 Hugo
1589 3461 1623 3491 1.
1726 3455 1762 3498 d)
1787 3457 1832 3498 A,
1861 3464 1889 3488 c.
1920 3465 1953 3497 e,

115 3512 152 3543 et
176 3511 268 3547 absc.

1497 3566 1565 3616 4*
