2240 3879
488 217 742 257 RICHERI
774 217 1190 259 HISTORIARUM
1222 218 1406 258 LIBER
1438 219 1524 258 ΙΙΙ.
1858 220 1941 258 125

377 354 491 405 104.
563 355 647 406 De
684 356 944 424 repetitoa
981 353 1254 405 Virdunoa
1292 363 1360 403 aa
1397 354 1661 406 Lothario.

232 437 555 490 Nuntiantur
590 437 720 491 haec
745 437 1011 489 Lothario.
1086 437 1191 501 Qui
1227 446 1431 488 tantum
1455 438 1658 490 facinus
1684 441 1938 493 accidisse

95 509 346 559 acerrime
384 507 704 576 indignatus,
743 508 1033 558 exercitum
1071 505 1345 556 dimissum
1390 510 1671 559 revocavit.
1750 509 1818 560 Et
1865 511 1939 560 sic

95 594 218 627 cum
259 576 426 627 lOOOO
476 585 830 645 pugnatorum
872 574 1168 626 Virdunum
1205 577 1357 643 petiit
1404 586 1561 644 atque
1608 577 1937 630 adversarios

94 646 396 714 repentinus
433 663 713 714 aggressus
751 652 874 696 estl.
948 644 1125 694 Primo
1174 645 1376 713 impetu
1422 647 1710 714 sagittariib
1759 655 1940 698 contra

91 714 266 765 hostes
296 714 522 765 ordinati
548 722 682 765 sunt.
754 714 1053 782 Missaeque
1083 714 1304 780 sagittae
1333 723 1384 765 et
1408 715 1788 767 arcobalistaeC
1817 735 1939 767 cum

93 783 208 834 aliis
245 783 528 834 missilibus
565 792 672 834 tani
711 783 902 833 densae
928 782 981 832 in
1007 800 1125 834 aere
1152 783 1530 849 discurrebant,
1569 794 1626 836 ut
1651 803 1681 834 a
1706 785 1938 836 nubibus

94 851 256 904 dilabi
298 862 539 922 terraque
589 870 871 919 exsurgere
908 852 1226 903 viderentur.
1301 853 1505 903 Horimi
1556 864 1738 905 contra
1775 855 1939 924 impe-

92 930 206 973 tum
254 922 570 973 testudinem
616 931 734 972 ante
783 938 837 971 se
877 928 927 971 et
977 938 1134 989 super
1172 923 1343 989 capita
1392 922 1567 974 hostes
1605 941 1755 974 muro
1794 934 1939 993 apta-

93 1009 230 1042 vere.
329 991 392 1041 In
442 1008 600 1060 quam
653 989 808 1041 relisa
856 989 1077 1040 missilia
1148 992 1257 1042 ictu
1304 991 1549 1043 frustrato
1607 992 1938 1044 decidebant.

93 1059 213 1111 Hoc
262 1061 463 1128 impetu
506 1059 660 1125 facto,
714 1058 885 1111 Grallid
930 1059 1336 1129 circumquaque
1387 1060 1715 1112 obsidionem
1766 1061 1938 1131 dispo-

90 1148 258 1181 suere.
330 1129 615 1198 Fossisque
653 1130 933 1197 preruptis,
983 1127 1393 1180 obfirmaverunt
1431 1142 1614 1195 castra,
1665 1150 1746 1194 ne,
1793 1132 1835 1181 si
1873 1131 1938 1182 ad

90 1200 332 1250 incautos
369 1198 658 1249 adversarii
694 1198 1009 1267 prosilirent,
1061 1215 1331 1248 accessum
1379 1198 1587 1250 facilem
1625 1200 1938 1251 invenirent.

279 1298 392 1351 105.
467 1296 824 1366 Compositioe
865 1297 1137 1347 cuiusdam
1175 1298 1480 1350 machinaee
1519 1297 1754 1350 bellicae.

233 1381 471 1446 Quercus
509 1399 753 1450 proceras
790 1380 1042 1433 radicitus
1081 1382 1312 1432 succisas
1351 1381 1419 1432 ad
1456 1382 1753 1433 machinam
1794 1381 1939 1434 belli-

93 1469 210 1502 cam
266 1452 612 1502 extruendam
666 1451 1011 1502 advexerunt.
1102 1451 1190 1501 Ex
1241 1451 1432 1519 quibus
1490 1460 1713 1520 quatuor
1765 1453 1937 1504 trabes

91 1521 411 1572 tricenorum
459 1521 660 1591 pedum
710 1528 1003 1571 straverunt
1051 1519 1175 1583 solo,
1226 1521 1298 1571 ita
1345 1528 1402 1570 ut
1450 1520 1585 1571 duae
1631 1522 1687 1571 in
1722 1520 1938 1589 longum

91 1591 357 1658 proiectae
395 1598 446 1640 et
482 1589 666 1641 decem
710 1589 906 1657 pedum
954 1588 1224 1640 intervallo
1265 1589 1538 1640 distinctae
1583 1590 1787 1642 duabus
1826 1589 1938 1641 aliis

91 1676 188 1726 per
222 1668 577 1711 transversum
617 1658 801 1710 eodem
827 1657 1098 1710 intervallo
1132 1658 1585 1727 superiacentibus
1615 1659 1935 1711 cohererent.

91 1728 461 1796 Longitudinis
499 1736 550 1778 et
584 1728 872 1779 latitudinis
910 1729 1153 1797 spatium,
1207 1727 1348 1796 quod
1391 1729 1527 1779 intra
1565 1730 1936 1780 commissuras

94 1816 272 1849 earum
319 1797 618 1862 tenebatur,
678 1798 861 1849 decem
918 1797 1117 1866 pedum
1167 1807 1291 1848 erat.
1379 1798 1648 1866 Quicquid
1699 1799 1859 1849 etiam
1905 1817 1935 1849 a

91 1868 448 1918 commissuris
488 1878 636 1918 extra
672 1868 965 1936 proiectum
1004 1876 1127 1932 erat,
1180 1865 1337 1917 simili
1373 1867 1529 1918 modo
1570 1867 1753 1918 decem
1790 1867 1935 1935 pedi-

89 1936 191 1988 bus
229 1935 640 1988 distendebatur.
711 1937 776 1987 In
821 1935 1005 1986 harum
1052 1935 1280 1987 trabium
1318 1937 1674 1987 commissuris
1715 1946 1937 2005 quatuor

91 2004 318 2057 sublicas
363 2006 821 2075 quadragenorum
866 2005 1077 2073 pedum,
1129 2004 1382 2074 quadrato
1435 2005 1647 2074 quidem
1691 2014 1934 2071 scemate,

93 2075 185 2126 sed
220 2093 457 2143 procero,
506 2093 673 2143 aequo
712 2075 881 2144 spatio
932 2093 962 2124 a
1013 2093 1066 2125 se
1116 2075 1382 2141 distantes,
1432 2074 1680 2126 adhibitis
1727 2074 1934 2126 trocleis

93 2151 387 2196 erexerunt.
462 2144 1024 2214 Transposueruntque
1061 2144 1144 2195 bis
1181 2163 1276 2213 per
1314 2152 1538 2213 quatuor
1580 2143 1742 2195 latera
1778 2145 1936 2196 festu-

91 2231 180 2265 cas
219 2213 400 2266 decem
438 2214 649 2282 pedum,
685 2215 740 2264 in
775 2213 949 2265 medio
989 2213 1187 2264 scilicet
1224 2222 1275 2265 et
1311 2215 1366 2264 in
1408 2232 1629 2278 summo,
1670 2231 1802 2282 quae
1836 2222 1936 2264 tra-

92 2283 281 2334 ductae
328 2282 555 2334 sublicas
601 2283 701 2335 sibi
742 2283 944 2334 fortiter
985 2291 1334 2335 annecterent.
1406 2283 1457 2334 A
1503 2283 1765 2352 capitibus
1811 2300 1935 2334 vero

1959 462 2041 494 984.

90 2352 336 2418 trabium,
385 2352 575 2421 quibus
613 2351 843 2403 sublicae
881 2353 1195 2417 nitebantur,
1244 2361 1469 2420 quatuor
1504 2352 1678 2403 trabes
1716 2352 1935 2403 eductae
1980 2361 1987 2366 '

93 2432 145 2473 et
192 2440 326 2490 pene
376 2439 542 2490 usque
596 2421 664 2471 ad
710 2421 937 2473 festucas
989 2422 1285 2488 superiores
1337 2420 1660 2489 obliquatae,
1717 2420 1933 2472 sublicis

90 2490 459 2557 iungebantur,
502 2498 559 2541 ut
595 2491 670 2540 sic
707 2509 774 2542 ex
812 2491 886 2541 eis
922 2490 1167 2540 machina
1203 2491 1530 2541 extrinsecus
1577 2489 1783 2541 firmata
1828 2508 1936 2541 non

90 2559 356 2612 titubaret.
451 2558 623 2627 Super
675 2559 901 2610 festucas
957 2577 1165 2628 quoque
1182 2558 1213 2624 f,
1270 2576 1403 2627 quae
1458 2559 1514 2609 in
1562 2558 1735 2609 medio
1782 2568 1832 2610 et
1880 2560 1934 2610 in

91 2646 294 2680 summo
320 2627 617 2678 machinam
645 2627 1001 2693 conectebant,
1040 2629 1186 2696 tigna
1212 2636 1523 2679 straverunt.
1599 2628 1750 2692 Quae
1777 2629 1933 2679 etiam

91 2698 321 2750 cratibus
368 2705 738 2763 contexerunt,
789 2716 948 2766 super
985 2715 1114 2767 quas
1153 2697 1452 2749 dimicaturi
1489 2706 1682 2749 stantes
1722 2706 1773 2748 et
1810 2699 1933 2749 emi-

89 2767 353 2819 nentiores
400 2767 540 2830 facti,
598 2767 957 2819 *adversarios
1012 2766 1257 2817 deorsum
1312 2766 1497 2817 iaculis
1554 2777 1603 2818 et
1665 2766 1930 2835 lapidibus

91 2836 385 2888 obruerent.
473 2837 626 2887 Hanc
672 2835 863 2887 molem
922 2844 1214 2888 extructam
1264 2836 1331 2887 ad
1375 2837 1652 2888 stationem
1699 2836 1931 2887 hostium

90 2905 351 2958 deducere
397 2905 713 2974 cogitabant.
788 2905 895 2957 Sed
942 2907 1066 2974 quia
1114 2906 1413 2973 sagittarios
1464 2912 1736 2974 suspectos
1773 2905 1931 2957 habe-

89 2972 231 3040 bant,
269 2975 525 3026 rationem
563 2974 866 3044 querebant,
915 2992 1018 3043 qua
1054 2974 1293 3026 hostibus
1333 2976 1442 3026 sine
1481 2993 1698 3026 suorum
1734 2973 1931 3027 lesione

89 3045 550 3114 appropinquaret.
602 3044 839 3095 Tandem
864 3045 1062 3095 ratione
1091 3043 1332 3095 subtilius
1357 3052 1731 3113 perscrutante,
1759 3062 1931 3112 reper-

89 3120 203 3164 tum
240 3121 332 3179 est,
372 3130 488 3165 eam
524 3113 592 3165 ad
628 3113 802 3164 hostes
841 3114 1039 3182 optima
1075 3122 1185 3165 arte
1221 3113 1431 3165 detrudi
1467 3131 1637 3183 posse.

188 3275 224 3317 a)
252 3278 309 3308 De
336 3286 365 3318 r,
384 3278 428 3318 V,
464 3286 486 3308 a
522 3277 614 3308 absc.
764 3274 803 3317 b)
832 3278 1004 3315 sagitarii
1041 3280 1073 3309 1.
1225 3277 1257 3317 c)
1288 3279 1440 3310 archob.
1472 3281 1504 3311 1.
1655 3277 1690 3316 d)
1725 3282 1807 3317 pose
1847 3278 1931 3310 add.

92 3321 128 3364 e)
158 3324 261 3366 Com,
289 3334 326 3356 m
352 3326 445 3357 absc.
573 3326 600 3365 f)
630 3335 645 3356 e
672 3335 765 3356 corr.

95 3489 123 3530 d
217 3431 263 3486 1)
294 3434 421 3474 Haec
454 3435 614 3475 dubiae
648 3434 753 3475 fidei
786 3447 895 3484 esse,
929 3434 1144 3475 XVilmans
1176 3434 1206 3474 1.
1239 3434 1268 3475 1.
1305 3439 1346 3475 et
1369 3435 1506 3474 Witte
1539 3449 1579 3489 p.
1617 3435 1671 3473 51
1707 3447 1749 3476 n.
1785 3440 1932 3475 osten-

127 3497 263 3534 erunt.

1947 2780 1959 2792 ⁸
1976 2791 2013 2821 p.
2042 2782 2124 2815 630.
