2240 3879
195 429 283 462 951.

88 2390 101 2402 ⁶
117 2393 183 2425 fol.
213 2391 287 2422 31¹.

206 2439 287 2472 953.

112 2488 124 2500 ⁸
141 2500 174 2530 p.
203 2490 286 2522 610.

207 2737 288 2771 954.

300 277 358 317 86
725 273 977 314 RICHERI
1008 271 1426 314 HISTORIARUM
1458 272 1643 314 LIBER
1673 273 1737 312 II.

303 413 508 480 Quibus
557 419 839 483 postquam
896 412 1039 463 iussa
1086 409 1287 479 regalia
1334 409 1456 462 data
1502 417 1635 477 sunt,
1696 429 1793 463 rex
1849 413 1904 463 in
1961 411 2148 465 urbem

299 484 615 536 Vesontium
631 493 663 549 1,
711 500 845 552 quae
895 488 973 532 est
1017 479 1322 549 metropolis
1374 479 1801 548 Genaunoruma,
1853 482 1941 532 cui
1990 482 2149 534 etiam

300 556 356 605 in
391 552 617 622 Alpibus
665 553 793 604 sitae
842 549 993 602 Aldis
1040 549 1216 602 Dubis
1235 559 1253 585 ²
1299 549 1606 618 preterfluit,
1657 568 1778 601 cum
1824 550 1955 603 duce
2003 569 2149 604 exer-

301 625 463 675 citum
501 622 727 674 deducit.
789 620 962 689 Atque
998 619 1074 671 ibi
1098 618 1365 684 Letoldus,
1405 618 1642 671 eiusdem
1678 621 1822 672 urbis
1848 622 2097 691 princeps
2111 629 2148 688 ³,

301 693 369 744 ad
408 693 518 745 eius
555 691 795 743 militiam
833 697 1159 741 sacramento
1196 690 1397 740 transit.

441 762 522 814 99.
581 760 787 827 Quibus
803 761 825 793 b
852 759 1072 811 feliciter
1096 768 1254 828 atque
1279 758 1476 810 utiliter
1500 757 1711 825 habitis,
1749 778 1869 811 cum
1895 769 2148 813 autumno

301 839 595 883 maturante
621 829 996 882 elementorum
1022 829 1318 880 immutatio
1343 829 1506 895 fieret,
1534 847 1631 880 rex
1657 828 1882 881 colerico
1908 838 2150 898 vexatuS,

301 903 356 952 in
393 909 603 952 acutam
637 899 838 952 febrem
875 898 1086 951 decidit.
1171 898 1307 951 Cum
1356 908 1514 966 ergoc
1558 897 1887 968 aegritudine
1936 918 2150 969 pressus

300 970 548 1022 militaria
585 988 768 1021 curare
804 987 912 1021 non
947 977 1143 1039 posset,
1190 968 1302 1020 dux
1346 968 1413 1019 ab
1433 969 1455 1001 ‘¹
1492 969 1589 1020 eod
1631 970 1804 1020 iussus
1855 970 2151 1022 exercitum

299 1041 517 1092 reducit.
599 1038 851 1091 Letoldus
899 1057 1026 1091 vero
1073 1040 1320 1108 princeps
1369 1039 1425 1089 in
1469 1038 1586 1108 ipsa
1630 1039 1772 1107 regis
1822 1039 2152 1108 aegritudine

301 1109 606 1162 fidelissime
643 1117 799 1178 atque
824 1109 1202 1161 humanissime
1238 1108 1352 1177 regi
1377 1107 1675 1160 famulatur.
1747 1108 1820 1161 At
1844 1109 1930 1161 die
1957 1110 2152 1161 cretica

301 1189 423 1250 post
456 1179 616 1231 febris
645 1180 854 1230 initium
892 1180 1165 1248 impariter
1188 1180 1448 1243 veniente,
1487 1178 1738 1231 firmitere
1778 1186 1829 1230 et
1863 1178 2151 1231 inrecidive

303 1249 581 1302 convaluit.
666 1249 1071 1319 Transactisque
1121 1247 1308 1300 diebus
1356 1248 1451 1299 30f
1491 1257 1612 1317 post
1659 1249 1896 1318 corporis
1940 1267 2152 1318 repara-

299 1320 513 1384 tionem,
553 1337 672 1370 cum
708 1318 929 1371 Letoldo
967 1319 1207 1389 principe
1244 1320 1299 1369 in
1335 1318 1615 1369 Franciam
1651 1318 1803 1370 redit.

445 1391 557 1441 100.
613 1389 720 1440 Etd
758 1407 877 1440 cum
904 1390 1010 1440 iam
1047 1388 1388 1457 Burgundiae
1438 1395 1675 1440 extrema
1712 1389 2005 1458 attingeret,
2041 1388 2152 1440 via-

300 1468 474 1511 torum
510 1457 676 1510 relatu
714 1460 983 1528 comperit,
1034 1458 1291 1528 quosdam
1331 1459 1419 1526 qui
1456 1457 1743 1509 latrociniis
1781 1466 1833 1510 et
1870 1458 2151 1509 discursio-

300 1529 456 1581 nibus
494 1529 822 1598 provinciam
867 1528 1201 1595 infestabant,
1248 1526 1633 1595 Angelbertum
1678 1527 1879 1579 scilicet
1924 1535 1976 1579 et
2015 1526 2151 1579 Goz-

298 1599 521 1664 bertum,
560 1599 907 1649 munitionem
935 1617 1069 1668 quae
1102 1596 1374 1649 dicebatur
1398 1597 1628 1648 Briona4
1666 1598 2007 1663 exstruxisse,
2046 1614 2150 1666 quo

300 1669 459 1720 etiam
495 1677 616 1737 post
650 1666 913 1737 flagitiosa
949 1668 1202 1720 exercitia
1239 1686 1352 1719 sese
1388 1666 1735 1736 recipiebant.
1796 1666 1953 1719 Hanc
1990 1668 2154 1736 igitur

299 1756 396 1790 rex
433 1756 728 1808 aggreSSUS,
782 1737 1056 1790 obsidione
1107 1736 1423 1799 circumdat,
1469 1755 1753 1806 pugnaque
1804 1738 2054 1789 continua
2089 1754 2153 1788 ac

301 1808 440 1860 fame
478 1808 676 1874 atterit,
716 1815 767 1860 et
803 1807 1019 1860 tandem
1057 1808 1202 1878 capit
1239 1806 1612 1877 solotenusque
1652 1807 1812 1859 diruit
1826 1816 1864 1862 ⁵.
1933 1806 2153 1858 Latron-

304 1877 448 1929 culos
485 1896 610 1930 vero
649 1879 894 1946 petented
919 1876 1177 1929 Letoldod
1216 1878 1312 1930 sub
1351 1885 1677 1929 sacramento
1705 1876 1851 1929 abire
1881 1877 2152 1946 permittit.

447 1948 562 1999 101.
617 1947 760 1999 Inter
795 1947 926 1999 haec
964 1966 1083 1998 cum
1118 1966 1215 1999 rex
1251 1948 1307 1998 in
1342 1947 1583 2016 partibus
1609 1946 1948 2016 Burgundiae
1979 1946 2153 1999 adhuc

304 2017 638 2082 detineretur,
676 2016 955 2086 Aethgiva,
993 2026 1162 2069 mater
1197 2018 1324 2082 eius,
1368 2017 1567 2086 regina,
1595 2035 1655 2070 eo
1682 2018 1973 2086 ignorante,
2000 2016 2153 2068 Heri-

304 2087 452 2140 berto
492 2088 672 2138 comiti
707 2088 903 2156 nupsit,
944 2094 995 2138 et
1030 2087 1214 2139 relicta
1251 2086 1381 2138 urbe
1408 2085 1683 2153 Lauduno,
1730 2086 1796 2138 ab
1836 2106 1896 2139 eo
1925 2086 2154 2138 deducta

304 2165 396 2208 est.
490 2156 650 2222 Quod
702 2176 799 2208 rex
850 2156 1188 2209 vehementer
1239 2156 1521 2225 indignans
1535 2166 1572 2223 g,
1621 2156 1790 2209 redire
1837 2164 2067 2209 maturat
2103 2164 2155 2208 et

305 2245 424 2277 cum
473 2225 748 2296 Gerberga
796 2227 978 2295 regina
1025 2245 1191 2279 uxore
1238 2227 1556 2278 Laudunum
1605 2226 1916 2294 ingreditur.
2003 2226 2074 2277 Et
2123 2243 2155 2277 a

303 2307 469 2349 matre
506 2296 746 2348 auferens
784 2296 969 2365 predia
1006 2305 1057 2348 et
1093 2297 1250 2349 aedes
1287 2297 1477 2365 regiaS,
1515 2297 1705 2347 uxorih
1744 2295 1967 2365 delegat.

444 2366 557 2418 102.
614 2366 849 2418 *Interea
887 2365 1163 2435 Gerberga
1198 2368 1382 2435 regina
1419 2365 1665 2417 Lauduni
1710 2367 1950 2435 geminos
1995 2366 2156 2418 enixa

305 2444 400 2487 est.
457 2435 695 2501 Quorum
731 2434 860 2488 alter
895 2436 1144 2502 Karolus,
1180 2436 1344 2488 *alter
1379 2436 1663 2487 Heinricus
1700 2445 1918 2488 vocatus
1951 2444 2044 2491 est.
2082 2434 2156 2487 At

305 2504 588 2557 Heim·icus
648 2523 776 2556 mox
838 2506 980 2575 posti
1043 2507 1177 2557 sacri
1246 2505 1580 2575 baptismatis
1642 2506 2039 2575 perceptionem
2099 2506 2156 2556 in

305 2574 436 2628 albis
483 2575 705 2627 decedit.
786 2575 1015 2627 Karolus
1061 2584 1237 2629 autem
1284 2576 1439 2626 cumd
1475 2574 1699 2627 naturali
1734 2576 1926 2627 virium
1963 2574 2154 2627 robore

304 2645 556 2697 educatur
569 2646 609 2696 ¹³.

446 2716 560 2767 103.
614 2715 914 2767 Ludovicus
968 2734 1093 2768 vero
1149 2734 1245 2767 rex
1291 2716 1486 2767 Remos
1532 2714 1765 2780 rediens,
1822 2732 1945 2766 cum
1991 2713 2154 2766 fluvio

304 2782 528 2837 Axonae
553 2787 944 2855 propinquaret,
980 2804 1076 2855 per
1101 2786 1419 2855 campestria
1442 2784 1630 2854 lupum
1649 2786 1822 2854 preire
1849 2784 2155 2853 conspicitss.
2231 2793 2240 2798 “

308 2854 480 2918 Quem
517 2873 651 2923 equo
689 2857 879 2907 emisso
918 2856 1201 2922 insecutus,
1239 2874 1336 2924 per
1373 2854 1528 2907 devia
1553 2855 1802 2923 exagitat.
1858 2853 1946 2905 Ad
1974 2871 2155 2906 omnes

305 2923 445 2975 ferae
483 2923 856 2978 declinationes
894 2943 1088 2994 equum
1135 2925 1417 2994 impatiens
1475 2923 1802 2976 obvertebat.
1884 2923 1995 2975 Nec
2043 2924 2155 2993 qui·

308 3010 483 3045 escere
509 2994 840 3062 paciebatur,
884 2995 1084 3046 donecd
1128 2995 1360 3065 equestri
1387 2994 1672 3046 certamine
1698 2993 1988 3063 fugientem
2014 2994 2156 3046 evin-
2217 3005 2222 3009 '

407 3132 442 3174 a)
470 3144 485 3165 e
511 3144 604 3166 corr.
631 3135 669 3165 in
691 3135 765 3165 loco
791 3145 889 3168 raso.
967 3135 1004 3177 b)
1034 3138 1082 3168 Et
1107 3139 1228 3168 mater
1253 3136 1402 3167 scribere
1428 3141 1600 3175 coeptum.
1687 3133 1719 3176 c)
1751 3145 1782 3168 e.
1813 3145 1881 3168 rex
1897 3136 1929 3169 1.
2009 3134 2047 3175 d)
2070 3139 2155 3175 post

309 3182 389 3213 add.
480 3182 514 3224 e)
544 3184 640 3215 bene
669 3192 712 3214 ac
739 3184 764 3217 f.
796 3186 828 3216 1.
918 3184 945 3225 f)
975 3186 1040 3217 XX
1071 3187 1104 3217 1.
1191 3184 1228 3226 g)
1258 3186 1282 3216 i.
1312 3194 1396 3217 cum
1426 3184 1623 3223 Gerberga
1649 3194 1678 3219 r.
1709 3186 1740 3215 1.
1825 3185 1864 3228 h)
1893 3194 1931 3217 u.
1959 3185 2091 3216 omnia
2120 3186 2153 3216 1.

308 3233 334 3271 i)
359 3230 398 3273 ρ’
426 3241 453 3263 c.
555 3231 594 3273 k)
623 3233 801 3264 educatus
833 3235 863 3265 1.

434 3341 478 3392 1)
512 3341 611 3380 Hac
635 3340 688 3380 de
712 3354 758 3381 re
781 3341 889 3381 nihil
912 3342 1039 3386 Flod.
1083 3345 1238 3398 Neque
1262 3344 1464 3385 Vesontii
1488 3342 1757 3395 (Besancon)
1781 3343 1914 3383 situm
1935 3342 2154 3384 Richerus

310 3402 483 3442 novisse
516 3401 702 3443 videtur.
827 3401 873 3455 2)
914 3404 1083 3445 Doubs.
1209 3402 1256 3458 3)
1291 3403 1471 3457 quidam
1503 3402 1798 3457 Buryundiae
1830 3416 1964 3444 comes
1997 3402 2158 3454 Flod.;

312 3475 458 3502 comes
490 3462 572 3502 fuit
604 3464 733 3502 etiam
768 3463 1121 3506 Matisconensis.
1226 3464 1274 3518 4)
1308 3463 1845 3506 Brienne-le-Chateau.
1949 3462 1996 3516 5)
2030 3464 2158 3504 Haec

311 3521 460 3572 Flod.‚
505 3524 576 3564 cui
622 3536 701 3564 sua
744 3522 868 3564 addit
916 3526 1152 3577 Richerus,
1203 3526 1302 3567 aliis
1351 3538 1464 3580 quae
1511 3524 1587 3565 ille
1635 3525 1768 3565 refert
1813 3525 2154 3579 praetermissis.

312 3582 356 3633 6)
391 3583 517 3624 Haec
550 3596 724 3638 quoque
756 3583 1047 3628 Flodoardus.
