2240 3879
487 211 737 253 RICHERI
770 212 1183 254 HISTORIARUM
1218 214 1400 254 LIBER
1433 216 1542 255 1111.
1845 217 1925 256 129

92 350 386 418 episcopus,
424 348 579 400 homo
619 351 850 401 omnium
890 367 1017 419 quos
1056 358 1191 401 terra
1228 351 1449 402 sustinet
1480 351 1925 419 sceleratissimus,
1946 378 2030 410 935,

96 426 390 486 contempto
440 419 603 486 patris
653 420 755 471 mei
803 420 1039 487 imperio,
1089 417 1270 470 Ottoni
1312 420 1640 471 Francorum
1689 423 1824 474 hosti
1874 425 1927 474 in

95 488 335 539 omnibus
372 487 516 539 favit.
588 488 667 539 Eo
707 497 1019 556 cooperante
1047 486 1171 538 Otto
1211 489 1498 540 exercitum
1523 490 1673 541 nobis
1701 492 1923 544 induxit.

93 557 223 608 Eius
272 556 558 608 subtilitate
598 556 793 608 Gallias
844 556 1194 625 depopulatus
1245 565 1336 608 est.
1410 557 1489 608 Eo
1528 559 1726 610 itineris
1766 560 1923 614 duces

92 634 370 695 prestante,
408 625 705 696 indempnis
743 644 861 677 cum
896 626 1129 676 exercitu
1153 626 1322 677 rediit.
1396 627 1500 692 Qui
1526 638 1582 679 ut
1607 646 1803 698 poenas
1829 648 1923 698 pro

92 703 233 747 tanto
273 696 549 746 commisso
590 695 770 761 solvat,
818 712 1045 762 aequum
1083 704 1134 746 et
1176 695 1300 747 utile
1337 695 1593 762 videtura,
1646 700 1923 766 quatinusb

90 763 362 833 pestilente
401 782 699 833 compresso
737 770 904 815 metus
942 763 1213 816 adoriendi
1250 763 1371 817 talia
1416 766 1709 836 quibusque
1749 770 1924 835 pravis

90 834 340 885 inferatur
351 836 359 855 ⁷
368 874 377 884 .

230 920 276 970 3.
352 919 514 971 Cuius
553 919 715 969 oratio
743 918 846 967 vim
884 917 1136 969 suadendi
1161 936 1264 969 non
1302 918 1499 984 habuit,
1538 938 1598 971 eo
1638 920 1776 989 quod
1804 939 1923 989 sug-

88 987 412 1057 gestionibus
450 987 705 1038 malorum
742 986 795 1036 in
833 1005 1093 1037 summum
1120 988 1421 1055 pontificem
1455 989 1713 1055 efferatus,
1750 999 1924 1058 preter

89 1059 284 1108 iustum
334 1057 508 1126 aliqua
554 1056 770 1124 indigna
817 1055 1013 1107 dixisse
1051 1057 1330 1108 Videretm·.
1404 1059 1506 1108 Pro
1557 1068 1702 1126 parte
1747 1068 1923 1110 tamen

88 1127 137 1178 ei
173 1126 372 1177 fautum
413 1134 502 1188 est,
547 1144 641 1194 pro
678 1132 825 1193 parte
862 1144 985 1176 Vero
1024 1144 1386 1195 suppressum,
1433 1128 1505 1177 ita
1543 1135 1731 1192 tamen,
1780 1136 1835 1179 ut
1874 1137 1924 1180 et

86 1197 198 1263 regi
234 1196 423 1246 iniuria
460 1213 565 1245 non
601 1195 748 1245 fieret
785 1203 834 1246 et
872 1196 1016 1263 operi
1053 1197 1287 1246 nefari00
1326 1195 1434 1246 dux
1459 1214 1565 1247 non
1593 1198 1920 1248 consentiens

86 1275 308 1334 pareret.
381 1265 495 1315 Rex
538 1272 680 1315 tanto
728 1264 904 1314 animo
953 1282 1172 1333 preceps
1220 1265 1273 1315 in
1322 1264 1795 1334 metropolitanum,
1844 1285 1920 1317 as-

89 1342 296 1403 sumpto
354 1333 502 1399 duce,
563 1351 680 1384 cum
730 1334 966 1385 exercitu
1017 1333 1193 1386 fertur.
1267 1334 1446 1403 Ipsam
1493 1334 1677 1385 urbem
1721 1337 1923 1404 appetit

84 1412 240 1474 atque
286 1405 574 1472 irrumpere
625 1402 903 1455 contendit.
976 1404 1265 1455 Primatum
1314 1414 1490 1455 tamen
1528 1403 1741 1455 consilio
1779 1423 1920 1471 usus,

83 1474 282 1543 legatos
318 1473 570 1542 premisit,
608 1491 702 1541 per
738 1490 865 1541 quos
893 1481 1178 1540 quaereret,
1218 1493 1284 1524 an
1311 1474 1624 1543 episcopusd
1660 1475 1923 1526 resisteret

83 1545 212 1612 regi,
259 1562 325 1594 an
376 1561 443 1593 ex
481 1542 695 1594 obiectis
744 1542 961 1610 purgari
1011 1550 1202 1593 statuto
1245 1551 1478 1612 tempore
1516 1551 1728 1611 paratus
1767 1552 1918 1595 esset.

86 1613 144 1665 Si
196 1622 375 1664 contra
425 1618 604 1677 staret,
663 1629 774 1661 sese
829 1629 955 1661 mox
1015 1611 1339 1663 obsidionem
1395 1613 1513 1664 urbi
1562 1611 1919 1664 adhibiturum

82 1681 316 1734 dicerent
365 1689 679 1751 captamque
727 1680 910 1731 urbem
956 1698 1075 1731 cum
1120 1681 1235 1749 ipso
1273 1681 1419 1733 hoste
1468 1699 1917 1749 compressurum,

82 1753 127 1803 si
176 1769 298 1803 Vero
348 1751 562 1802 obiectis
613 1749 929 1818 respondere
978 1768 1083 1801 non
1130 1751 1418 1816 dubitaret,
1484 1750 1691 1802 obsides
1741 1752 1805 1803 ab
1858 1769 1917 1802 eo

80 1839 196 1873 sese
233 1829 570 1889 accepturum
609 1819 1010 1887 ducturumque.

219 1908 268 1956 4.
341 1904 426 1955 Ad
462 1905 589 1955 haec
614 1903 1067 1972 metropolitanus:
1130 1902 1282 1955 ‘Cum
1321 1906 1550 1966 constet',
1587 1904 1773 1972 inquit,
1813 1904 1918 1955 ‘bo-

79 1994 174 2026 nos
232 1993 468 2044 quosque
521 1991 803 2042 pravorum
859 1972 1129 2024 calumniis
1183 1973 1391 2024 assidue
1446 1971 1743 2038 dilacerari,
1812 1991 1917 2024 non

80 2045 254 2111 miror,
300 2044 421 2095 huic
468 2043 690 2094 iniuriae
739 2041 913 2093 locum
964 2041 1236 2094 accidisse.
1321 2040 1486 2093 Multo
1525 2041 1749 2111 amplius
1788 2061 1912 2094 vero

80 2115 255 2180 miror,
295 2114 534 2182 egregios
571 2112 834 2181 principes
873 2121 979 2164 tam
1004 2110 1158 2163 facile
1183 2130 1338 2181 posse
1364 2110 1504 2176 illici,
1542 2120 1599 2163 ut
1625 2112 1914 2164 certissime

79 2202 193 2236 esse
231 2184 459 2248 credant,
506 2182 645 2251 quod
693 2199 790 2233 nec
836 2181 931 2233 sub
977 2181 1150 2232 iudice
1200 2181 1265 2232 sit
1313 2180 1627 2246 discussum,
1675 2189 1725 2232 et
1774 2181 1816 2232 51
1861 2183 1916 2232 111

79 2253 408 2305 discutiendo
437 2251 748 2316 conferatur,
786 2250 939 2302 nullis
964 2250 1254 2302 rationibus
1280 2249 1552 2319 probabile
1578 2250 1683 2302 fiat.
1759 2250 1915 2315 Quod

79 2323 123 2373 si
162 2323 358 2374 credita
395 2321 653 2372 discutere
679 2319 891 2388 placuit,
931 2338 1022 2370 cur
1046 2321 1203 2370 armis
1230 2328 1281 2371 et
1312 2320 1546 2370 exercitu
1571 2318 1626 2369 id
1652 2318 1913 2387 exigitur?
1982 2357 1989 2362 -

79 2391 265 2443 Nonne
302 2409 424 2459 ergo
463 2390 564 2440 alia
600 2406 694 2457 pro
732 2388 846 2440 aliis
883 2407 979 2440 nos
1020 2389 1247 2456 cogitare
1292 2387 1528 2438 faciunt?
1601 2386 1657 2439 Si
1695 2387 1758 2438 de
1797 2406 1912 2456 pre-

80 2461 244 2513 teritis
270 2461 457 2528 agitur,
494 2477 677 2526 regum
704 2457 922 2510 salutem
962 2457 1246 2508 *hactenus
1279 2458 1483 2524 optavi3
1526 2474 1707 2507 eorum
1743 2475 1909 2524 genus

79 2529 244 2596 colui3
293 2529 593 2598 principum
640 2545 848 2595 quoque
897 2526 1173 2577 commoda
1208 2544 1304 2594 pro
1352 2526 1552 2577 ratione
1591 2526 1778 2576 amavi.
1855 2525 1911 2577 Si

78 2599 144 2650 de
181 2597 527 2668 presentibus,
564 2598 700 2664 regis
738 2597 879 2646 iussa
916 2597 1134 2664 exsequi
1169 2613 1274 2646 non
1299 2612 1498 2661 moror;
1537 2595 1743 2646 obsides
1783 2613 1913 2664 quos

78 2666 190 2721 vult
235 2667 410 2734 trado,
459 2667 714 2719 rationem
763 2672 944 2716 contra
993 2664 1197 2716 obiecta
1242 2664 1510 2715 intendere
1553 2682 1658 2715 non
1696 2663 1912 2715 differo'.

79 2738 254 2789 Factis
293 2754 416 2805 ergo
455 2736 719 2805 utrimque
766 2732 1075 2799 rationibus,
1119 2733 1328 2784 obsides
1373 2732 1531 2798 dedit,
1581 2733 1913 2801 Ragenerum

78 2808 249 2859 virum
275 2806 566 2870 militarem,
604 2802 874 2856 nobilitate
901 2811 952 2854 et
976 2802 1172 2854 divitiis
1199 2801 1412 2868 clarum,
1450 2801 1730 2872 plmesque
1766 2801 1911 2869 alios,

77 2876 206 2928 dum
243 2877 357 2944 regi
401 2874 674 2926 sufficeret.

683 2989 731 3042 5.
807 2986 995 3040 Obitus
1033 2985 1304 3037 Ludovici.

217 3075 334 3126 Rex
380 3076 556 3144 itaque
614 3073 897 3124 exercitum
959 3071 1154 3123 amovit
1204 3069 1645 3138 Silvanectimque
1688 3070 1910 3122 devenit.

79 3142 187 3195 Ubi
235 3143 361 3195 dum
414 3144 666 3195 aestivam
716 3141 1048 3193 venationem
1098 3146 1426 3204 exercerete‚
1479 3139 1708 3207 pedestri
1760 3137 1911 3207 lapsu

80 3211 348 3279 decidens,
402 3212 562 3263 multo
610 3210 774 3279 epatis
829 3207 1006 3261 dolore
1053 3215 1276 3260 vexatus
1323 3215 1415 3260 est.
1504 3207 1638 3259 Nam
1690 3208 1811 3275 quia
1856 3208 1911 3258 in

78 3289 232 3350 epate
277 3283 545 3351 sanguinis
584 3280 760 3332 sedem
796 3278 986 3348 phisici
1031 3278 1319 3347 perhibent,
1371 3295 1432 3329 ea
1477 3276 1599 3328 sede
1638 3293 1908 3341 concussa,

178 3445 214 3488 a)
240 3446 415 3488 Aequum
449 3456 624 3488 namque,
659 3449 698 3478 ut
737 3453 874 3486 pravus
911 3445 1008 3475 iusto
1037 3443 1217 3483 supplitio
1245 3443 1493 3482 dampnetur,
1531 3441 1624 3473 utile
1661 3449 1748 3472 vero
1776 3441 1857 3473 aad.
1890 3442 1921 3473 1.

78 3491 118 3535 b)
145 3498 186 3526 ut
213 3498 244 3528 1.
371 3495 404 3537 c)
434 3496 582 3529 nefaria
611 3497 644 3526 1.
748 3492 784 3534 d)
808 3496 889 3533 post
917 3492 999 3524 add.
1100 3490 1134 3531 e)
1165 3494 1385 3524 exercerent
1417 3493 1448 3521 1.

1502 3548 1534 3599 9

1931 2469 1992 2509 'p.
2023 2470 2105 2503 632.
