2240 3879
529 212 783 254 RICHERI
815 213 1230 255 HISTORIARL’M
1264 215 1444 255 LIBER
1479 217 1513 256 Ι.
1883 219 1939 257 35

177 352 262 402 57.
323 350 520 418 Regisa
558 368 620 401 ac
658 351 983 418 pirataruma
1022 349 1318 401 conflictioa
1359 363 1673 421 corumquea
1710 354 1860 405 fusio.

234 433 456 485 EdictoI
496 451 620 502 ergo
658 435 802 502 regio
843 433 1083 484 omnibus
1123 435 1212 502 qui
1251 433 1313 484 de
1352 433 1562 486 militari
1601 437 1778 489 ordine
1804 438 1939 490 vale-

94 505 222 556 bant
256 503 437 554 accitis
481 521 548 554 ex
593 501 765 553 Gallia
809 501 1008 554 Celtica
1047 520 1167 552 cum
1206 502 1415 553 multish
1466 503 1764 572 Belgarum,
1816 507 1938 558 duo-

96 573 268 625 decim
307 571 544 622 cohortes
583 571 803 622 ordinat.
889 570 1023 622 Cum
1084 569 1275 639 quibus
1313 573 1412 622 iter
1456 574 1727 641 arripiens,
1773 594 1938 643 usquc

95 641 408 694 Lemovicas
474 640 732 708 procedit.
825 639 1050 709 IbiqueC
1106 640 1401 708 legionibus
1468 641 1760 711 dispositis,
1819 662 1939 694 cum

93 718 336 780 pyratae,
391 711 594 778 regium
646 710 937 779 equitatum
983 726 1089 759 non
1134 711 1470 776 sustinentes,
1517 712 1758 779 profugio
1809 713 1940 780 eripi

94 782 396 844 niterentur,
436 778 501 829 ab
540 779 927 846 Aquitanorum
964 776 1171 845 legione
1220 779 1416 847 repulsi
1455 789 1588 847 sunt.
1662 778 1779 832 Rex
1815 799 1937 831 vero

96 867 215 901 cum
254 848 555 900 cohortibus
598 854 922 914 prosecutus,
969 847 1119 914 gravi
1169 847 1295 899 cede
1310 850 1330 881 <¹
1377 867 1511 916 pene
1563 868 1740 901 omnes
1790 849 1937 915 fudit,

94 922 278 988 paucis
315 917 443 985 fuga
478 915 657 984 lapsis.
731 914 958 966 Suorum
994 934 1118 967 vero
1167 917 1403 968 nonnulli
1442 919 1676 984 sauciati,
1717 937 1783 969 ex
1832 917 1939 969 vul-

94 1006 218 1040 nere
245 983 574 1038 convaluere.
645 983 825 1053 Aliqui
864 985 1022 1036 etiam
1060 985 1335 1037 interfecti.
1393 987 1575 1056 Itaque
1612 988 1807 1039 factum
1847 997 1937 1051 est,

94 1064 152 1108 ut
176 1055 432 1125 Aquitani
456 1053 652 1121 gratias
689 1054 802 1121 regi
832 1053 1110 1107 reddentes
1147 1055 1310 1107 multa
1336 1057 1382 1107 ei
1407 1055 1759 1108 benivolentia
1787 1056 1940 1108 subdi

92 1124 354 1177 voluerint
389 1141 451 1173 ac
487 1123 598 1174 iure
638 1124 951 1174 sacramenti
989 1124 1043 1174 in
1083 1123 1242 1176 fidem
1280 1125 1634 1176 firmissimam
1673 1143 1942 1177 concesse·

91 1196 211 1248 rint,
303 1192 508 1258 Quibus
552 1191 747 1244 utiliter
794 1193 1031 1261 patratis,
1082 1212 1177 1244 rex
1227 1195 1514 1246 exercitum
1564 1194 1775 1246 reduxit
1824 1213 1940 1264 pro-

94 1264 434 1331 cinctumque
472 1259 640 1312 solvit.

438 1362 522 1416 58.
571 1361 861 1431 [Heriberti
897 1364 997 1431 ete]
1038 1361 1283 1430 Hugonis
1321 1363 1592 1415 dissensio.

232 1447 379 1498 Dum
423 1447 553 1497 haec
591 1453 913 1513 gererentur,
962 1447 1097 1499 inter
1140 1446 1458 1515 Hugonemf
1507 1456 1557 1498 et
1601 1447 1939 1499 Heribertum

95 1518 158 1569 de
213 1515 510 1585 prelaturae
575 1516 829 1584 dignitate
897 1515 1014 1567 lites
1076 1516 1354 1584 agitantur.
1451 1516 1771 1586 Efferatique
1827 1534 1938 1567 sese

92 1586 269 1656 predis
316 1595 367 1638 et
413 1584 669 1637 incendiis
720 1586 950 1653 graviter
997 1584 1244 1637 afficiunt.
1328 1585 1445 1637 Rex
1500 1586 1553 1636 in
1601 1586 1939 1637 Heribertum

92 1654 402 1724 indignanS,
459 1673 519 1706 eo
576 1653 718 1723 quod
771 1653 1024 1723 perfidiae
1080 1662 1346 1723 promtum
1411 1673 1522 1706 esse
1585 1663 1938 1724 cognosceret,

92 1724 379 1794 Hugonisg
415 1723 691 1793 partibus&
728 1723 901 1775 stabat
917 1734 952 1786 g,
990 1725 1168 1775 unde&
1217 1730 1266 1775 et
1301 1724 1601 1776 Heribertig
1649 1724 1939 1793 oppidumh

92 1794 433 1845 Donincum²
477 1794 704 1859 nomine,
754 1793 983 1861 Hugone
1022 1794 1201 1857 ascito,
1239 1811 1519 1862 aggressus
1557 1800 1828 1862 expugnat
1877 1810 1939 1842 ac

94 1872 307 1932 captum
344 1862 517 1914 diruit.
590 1862 703 1913 Nec
740 1863 912 1912 minus
957 1870 1007 1913 et
1043 1862 1359 1914 Atrabatum
1397 1861 1667 1913 obsidione
1704 1860 1939 1912 adhibita

95 1933 234 2001 cepit
316 1933 561 2001 civesque
598 1932 762 1983 victos
808 1950 870 1982 ac
907 1933 1103 1982 iuratos
1151 1932 1250 1984 sibi
1297 1932 1565 1983 annexuit.
1656 1931 1774 1982 Rex
1815 1929 1938 1982 inde

95 2002 375 2070 digressus,
424 2019 542 2051 cum
577 2003 813 2070 quietum
863 2019 974 2052 sese
1025 1999 1381 2065 arbitraretur,
1429 2000 1759 2066 Heribertus,
1811 1999 1940 2050 Ger-

93 2072 262 2122 manis
314 2071 401 2139 qui
447 2069 617 2121 Rheni
662 2069 815 2121 litora
863 2068 1132 2121 incolunt·3
1183 2070 1408 2136 eductiS,
1455 2070 1510 2120 in
1557 2088 1736 2138 regem
1778 2068 1941 2120 fertur

96 2158 157 2192 ac
182 2138 471 2192 execrabili
498 2139 672 2191 furore
699 2139 943 2191 incendia
978 2139 1295 2208 rapinasque
1332 2140 1585 2191 exercuit.
1641 2139 1864 2206 Insuper
1891 2146 1942 2189 et

94 2209 338 2278 Hugonis
359 2208 630 2279 oppidum,
652 2207 816 2278 quodi
837 2227 989 2260 secus
1014 2216 1299 2260 torrentem
1317 2207 1550 2260 Vitulam
1572 2209 1728 2259 situm
1748 2208 1943 2259 Braina

96 2278 290 2331 dicitur
305 2287 340 2345 4,
392 2285 632 2348 occupat,
685 2279 827 2347 capit
875 2296 936 2329 ac
976 2277 1151 2329 diruit.

282 1936 301 1953 ἡ

483 2378 565 2429 59.
623 2377 1027 2449 [ΒεΙίὒθῂῊ-ῖίοκ
1070 2377 1324 2448 [contrak]
1363 2395 1558 2445 regem.

235 2461 408 2512 Huius
444 2479 568 2513 vero
620 2461 966 2513 contumeliae
1011 2480 1223 2514 causam
1269 2480 1365 2513 rex
1403 2479 1456 2512 se
1497 2460 1827 2512 constituisse
1866 2460 1940 2510 in-

97 2528 353 2598 telligens,
410 2531 521 2581 eius
575 2531 864 2598 potentiam
910 2531 1145 2583 minuere
1203 2530 1503 2600 quaerebat.
1592 2527 1941 2580 Remensibus

98 2617 222 2668 ergo
262 2599 468 2651 civibus
505 2597 705 2667 legatos
740 2600 901 2651 mittit
933 2619 996 2652 ac
1031 2608 1090 2652 ut
1123 2599 1429 2669 pontificem
1455 2597 1650 2666 eligant
1700 2598 1940 2667 precipit.

101 2668 257 2734 Quod
306 2668 489 2720 etiami
538 2669 593 2718 ni
639 2668 851 2734 faciant,
898 2668 1060 2720 alium
1096 2670 1294 2737 preterl
1331 2686 1512 2720 eorum
1548 2666 1681 2718 velle
1719 2668 1793 2718 eis
1830 2685 1942 2718 sese

97 2738 468 2807 impositurum
503 2737 731 2790 mandat.
803 2738 877 2789 At
914 2739 1070 2804 civeS,
1108 2738 1285 2807 regiae
1322 2736 1597 2806 legationis
1635 2735 1941 2787 mandatum

100 2808 422 2876 excipientes
434 2818 485 2873 ¹¹¹,
543 2807 670 2876 quid
723 2808 825 2876 ipsi
877 2806 999 2859 inde
1052 2806 1214 2858 velint
1269 2823 1331 2858 ac
1384 2807 1634 2871 sentiant,
1687 2824 1782 2874 per
1820 2821 1942 2856 suos

98 2875 297 2946 legatos
334 2877 589 2943 referunt,
629 2894 741 2928 sese
783 2876 1030 2928 videlicet
1075 2877 1222 2944 regio
1265 2877 1411 2926 iussu
1446 2875 1714 2927 Heriberti
1758 2873 1942 2939 filium,

98 2943 221 2997 licet
245 2945 418 2997 adhuc
443 2963 682 3014 puerum,
709 2946 1004 3014 suscepisse
1029 2953 1186 3015 atque
1211 2946 1511 3015 pontificem
1539 2943 1786 3013 elegisse3
1821 2941 1942 2994 inde

100 3014 256 3066 etiam
299 3015 457 3067 fidem
503 3016 552 3066 ei
599 3016 704 3066 iam
741 3015 935 3066 factam
983 3014 1457 3079 accommodasse⁵3
1508 3020 1827 3132 qiuapropter
1867 3012 1942 3061 in-

100 3083 350 3152 possibile
388 3103 517 3150 esse,
566 3093 625 3135 ut
659 3084 762 3135 fide
800 3082 1050 3135 inviolata
1099 3082 1165 3135 ab
1218 3101 1279 3136 eo
1324 3084 1400 3134 sic
1451 3083 1515 3134 de
1558 3100 1674 3134 cere
1722 3081 1939 3150 possint.

199 3201 236 3244 a)
261 3203 306 3243 R,
333 3203 430 3243 pira,
456 3203 530 3244 flio,
558 3212 630 3243 que
657 3203 675 3233 f
710 3203 801 3236 absc.
914 3201 952 3244 b)
982 3202 1207 3242 quibusdam
1236 3204 1266 3234 1.
1380 3200 1413 3242 c)
1443 3202 1489 3233 ab
1515 3210 1603 3240 rege
1630 3201 1692 3231 del.
1796 3198 1831 3238 d)
1861 3207 1942 3237 pre—

101 3249 153 3282 lio
183 3253 215 3284 1.
290 3250 325 3291 e)
353 3252 402 3283 H.
432 3252 559 3284 dissen
585 3252 668 3283 aliis
694 3252 840 3283 abscisis
866 3261 893 3285 c.
1005 3249 1033 3291 f)
1062 3251 1153 3282 Hem
1175 3261 1200 3283 c.
1303 3250 1340 3293 g)
1369 3251 1415 3283 H.
1449 3269 1490 3274 —
1518 3249 1710 3282 Heriberti
1746 3249 1781 3278 in
1808 3255 1940 3285 ⁷nc11·9.3

101 3298 287 3341 Hugonis,
315 3309 375 3341 pa,
403 3301 499 3342 stab,
526 3310 592 3342 un,
618 3301 677 3332 He
705 3301 796 3334 absc.
899 3299 938 3342 h)
968 3300 1049 3332 eius
1077 3304 1241 3332 castrum
1270 3301 1301 3331 1.
1391 3297 1419 3339 i)
1443 3303 1525 3338 post
1542 3299 1622 3330 add.
1722 3295 1761 3335 k)
1790 3295 1940 3334 Delibe,

103 3350 234 3380 contra
259 3349 365 3390 absc„
394 3357 502 3388 eaque
524 3358 680 3389 prorsus
705 3350 852 3382 incerta.
959 3347 988 3389 1)
1017 3357 1100 3381 sese
1128 3358 1165 3389 p.
1194 3358 1225 3382 e.
1252 3357 1286 3380 V.
1316 3357 1350 3380 e.
1379 3348 1403 3380 i.
1436 3351 1467 3378 1.
1568 3345 1619 3386 m)
1649 3345 1877 3376 admirantes
1908 3345 1940 3374 1.

227 3432 272 3486 1)
305 3435 432 3475 Haec
463 3436 654 3476 breviter
685 3439 832 3475 narrat
862 3434 992 3475 Flod.
1026 3448 1067 3475 a.
1093 3435 1195 3475 930.
1320 3431 1366 3483 2)
1400 3432 1610 3473 Doulens.
1705 3429 1747 3479 3)
1781 3426 1942 3468 Lotka-

101 3491 316 3534 riensibus
347 3494 476 3536 Flod.
600 3493 648 3547 4)
681 3497 843 3536 Braine
877 3508 948 3536 sur
980 3495 1127 3536 Vesle.

1487 3560 1550 3611 3.

1958 369 2039 403 930.

1961 1468 2042 1501 931.

1956 1937 1966 1946 ‘
1985 1947 2021 1976 p.
2050 1936 2129 1970 585.
