2240 3879
437 224 689 266 RICHERI
721 225 1135 268 HISTORIARUM
1167 225 1348 268 LIBER
1378 227 1464 268 111.
1840 231 1895 270 95

66 364 222 418 silvas
272 371 322 415 et
369 380 583 432 pascua,
633 364 815 415 vineas
851 380 913 414 ac
958 362 1250 431 pomeriaa,
1296 370 1549 416 torrentes
1597 375 1648 418 et
1694 375 1892 436 stagna.
1911 383 1994 418 972.

65 434 236 487 Castri
291 449 499 502 quoque
558 431 794 483 illorumh
856 432 1160 483 munitatem
1219 430 1565 502 villarumque
1625 432 1893 488 liberalem

61 504 196 555 intra
232 511 282 554 et
318 509 466 554 extra
511 509 850 570 potestatem,
899 499 1110 552 tandem
1147 499 1302 552 etiam
1339 519 1420 553 res
1460 520 1640 554 omnes
1676 505 1894 558 mobiles

60 580 217 641 atque
252 570 527 622 inmobiles
564 571 724 622 vestri
759 567 1080 638 apostolatus
1117 569 1344 637 dignitas
1382 570 1569 623 solidet
1592 583 1748 642 atque
1775 592 1893 625 con-

59 642 245 693 firmet.
329 639 613 692 Abbatiam
669 656 877 708 quoque
932 638 1097 688 sancti
1151 638 1412 691 Timothei
1465 642 1707 709 martiriS,
1760 661 1892 712 quae

58 710 222 762 nostri
256 710 383 761 iuris
421 728 534 762 esse
569 708 790 771 videtur,
827 705 924 758 sub
962 708 1123 758 vestri
1159 710 1424 776 presentia
1460 710 1750 780 horumque
1787 714 1893 782 epi-

59 797 340 848 scoporum
375 778 668 831 testimonio
706 777 778 828 eis
817 776 1061 843 concedO,
1099 786 1156 828 ut
1180 777 1301 829 inde
1326 779 1648 848 pauperibus
1675 780 1892 832 admini-

59 856 248 900 stretur
284 855 335 900 et
371 848 622 902 memoria
667 846 832 897 nostri
868 846 1034 897 servis
1072 846 1176 897 Dei
1220 847 1275 897 in
1323 848 1576 901 coenobio
1622 850 1890 903 habeatur.

57 918 238 969 Haecc
274 918 432 986 igit-ur
456 913 811 986 superioribus
837 913 1016 966 addita
1040 916 1093 966 in
1118 916 1197 967 ius
1222 917 1445 985 predicti
1472 920 1638 971 sancti
1663 930 1893 973 transeat

57 996 213 1057 atque
248 985 385 1037 illius
423 986 637 1054 propria
683 992 861 1035 vestra
907 983 1144 1037 similiter
1181 987 1487 1040 auctoritate
1525 988 1889 1042 confirmetur’.

194 1057 276 1108 27.
347 1055 434 1106 Ad
480 1054 609 1106 haec
655 1053 879 1105 domnus
925 1072 1088 1123 papa:
1146 1056 1297 1121 ‘Res',
1346 1057 1538 1126 inquit,
1588 1058 1781 1109 ‘domni
1829 1079 1890 1111 ac

55 1126 263 1193 patroni
309 1124 512 1176 nostrid
565 1123 792 1191 Remigii
841 1125 1007 1174 nostri
1055 1123 1376 1193 apostolatus
1423 1128 1681 1178 sententia
1733 1129 1889 1181 stabi-

53 1194 136 1245 liri
172 1201 415 1262 tutasque
451 1193 506 1243 in
542 1200 856 1261 perpetuum
893 1192 1020 1257 fieri,
1059 1194 1185 1262 quin
1223 1195 1379 1245 etiam
1413 1195 1477 1246 de
1508 1205 1598 1248 tuo
1639 1198 1893 1267 quicquid

51 1262 227 1332 placet
261 1262 399 1328 addi,
437 1261 778 1314 libentissime
817 1261 1065 1314 concedO.
1123 1262 1330 1332 Scripto
1371 1265 1528 1316 etiam
1565 1265 1619 1316 id
1657 1267 1891 1318 roborari

52 1350 156 1384 non
193 1330 363 1383 solum
399 1350 531 1397 mea,
569 1339 647 1384 set
683 1339 734 1383 et
770 1330 957 1382 horum
984 1332 1072 1400 qui
1099 1332 1290 1384 adsunt
1318 1335 1687 1403 episcoporum
1713 1346 1889 1388 aucto-

51 1404 205 1453 ritate
270 1403 563 1453 constituo’.
662 1400 898 1470 Moxque
972 1402 1226 1472 scriptum
1282 1404 1346 1454 iri
1397 1404 1550 1456 iussit
1614 1422 1893 1476 coramque

53 1472 304 1540 scripttun
340 1471 444 1539 legi
479 1470 730 1540 precepit.

190 1541 272 1593 28.
347 1540 512 1592 Cuius
548 1548 722 1591 textus
759 1538 1060 1591 huiusmodi
1099 1547 1200 1591 est:
1245 1541 1517 1593 ‘Iohannes
1555 1561 1736 1594 servus
1788 1563 1892 1596 ser-

51 1627 237 1662 vorum
278 1609 411 1661 Deie
463 1649 818 1661 .....
844 1613 848 1619 ’
893 1648 1851 1664 ............
1872 1625 1885 1650 ¹

189 1678 272 1730 29.
345 1677 503 1744 Quod
551 1679 606 1728 in
659 1677 873 1729 auribus
928 1679 1159 1729 omnium
1207 1680 1295 1748 qui
1344 1679 1561 1732 aderant
1603 1681 1890 1751 perlectum

52 1747 207 1817 sigilli
232 1749 311 1799 sui
337 1755 462 1799 nota
484 1747 755 1816 insignivit
779 1756 934 1816 atque
969 1748 1231 1816 episcopis
1256 1749 1612 1801 roborandum
1638 1753 1891 1820 porrexit.

51 1817 257 1883 Quibus
295 1818 472 1885 gestis,
518 1815 950 1886 metropolitanus
1000 1817 1179 1868 domni
1214 1836 1386 1887 papae
1423 1828 1580 1888 atque
1619 1822 1889 1891 episcopo-

49 1905 167 1938 rum
201 1885 411 1938 licentia
443 1886 727 1955 digressus,
768 1884 952 1936 Galliis
979 1904 1091 1937 sese
1125 1890 1338 1955 recepit,
1378 1888 1680 1958 directoque
1706 1891 1890 1942 itinere

52 1957 219 2007 sancti
271 1955 496 2026 predicti
544 1954 879 2023 sepulchrum
930 1954 1147 2006 devotus
1194 1957 1345 2024 petiit
1387 1958 1540 2027 eique
1576 1960 1631 2009 in
1669 1958 1888 2029 collegio

50 2024 426 2076 monachorum
473 2024 808 2095 privilegium
857 2026 1109 2093 scriptum
1145 2024 1354 2094 legavit.
1427 2027 1674 2079 Mona-chi
1712 2028 1889 2080 datum

53 2095 410 2164 excipientes,
476 2094 687 2146 archivo
752 2094 1068 2146 servandum
1121 2094 1372 2147 mandant
1435 2098 1736 2167 gratiasque
1793 2117 1888 2168 pro

49 2172 194 2217 tanta
227 2163 534 2217 liberalitate
572 2164 815 2215 decenter
850 2163 1172 2234 impertiunt.

50 2264 131 2316 30.
205 2262 360 2328 Quod
406 2261 668 2314 Adalbero
715 2262 1082 2332 privilegiumf
1125 2264 1179 2314 in
1234 2264 1450 2316 sinodof
1483 2265 1549 2317 ab
1599 2267 1894 2336 episcopisf

757 2331 982 2383 firmarif
1014 2333 1138 2384 facit
1150 2333 1176 2383 f.

185 2416 286 2466 His
322 2417 397 2467 ita
431 2414 639 2481 habitiS,
683 2424 804 2484 post
841 2434 936 2466 sex
973 2416 1265 2467 mensium²
1304 2426 1510 2485 tempus
1547 2417 1615 2469 ad
1651 2419 1887 2471 Montem

51 2484 278 2538 Sanctae
314 2484 512 2536 Mariae
529 2494 552 2527 g
564 2492 620 2550 -3,
660 2485 750 2553 qui
786 2484 932 2536 locus
971 2491 1049 2536 est
1081 2485 1368 2537 Remorum
1407 2486 1773 2555 diocesaneus,
1817 2488 1885 2540 ab

49 2553 235 2606 eodem
271 2552 665 2622 metropolitano
714 2552 929 2604 sinodus
973 2555 1342 2623 episcoporum
1379 2555 1557 2608 habita
1595 2565 1685 2609 est.
1760 2558 1887 2623 Qui-

47 2623 145 2676 bus
185 2622 592 2687 considentibUS,
630 2631 750 2691 post
787 2622 1046 2692 quaedam
1084 2623 1266 2675 sinodo
1305 2623 1452 2676 utilia
1489 2634 1645 2695 atque
1675 2637 1886 2680 sanctae

49 2691 332 2744 aecclesiae
382 2690 672 2756 commoda,
720 2690 1148 2761 metropolitanus
1203 2710 1380 2744 coram
1417 2694 1491 2745 sic
1545 2697 1885 2748 concionatus

49 2762 143 2814 ait:
193 2762 500 2828 ‘Quoniam,
547 2768 723 2830 patres
768 2760 1057 2827 reverendi,
1108 2763 1277 2829 gratia
1326 2764 1493 2814 sancti
1532 2764 1759 2833 Spiritus
1798 2765 1883 2817 hic

51 2830 250 2883 collecti
287 2849 481 2893 sumuS,
520 2841 572 2883 et
609 2848 742 2900 quae
780 2830 844 2882 de
883 2838 1019 2881 statu
1055 2839 1266 2882 sanctae
1303 2832 1590 2886 aecclesiae
1621 2835 1736 2886 visa
1762 2843 1882 2887 sunt

48 2899 195 2952 utilia
239 2900 621 2965 ordinavimus,
669 2907 830 2951 restat
875 2898 1046 2950 adhuc
1091 2918 1174 2951 res
1220 2900 1349 2952 mihi
1397 2901 1529 2954 adeo
1575 2902 1789 2972 placens
1834 2912 1885 2956 et

49 2969 309 3021 nonnullis
358 2976 565 3021 nostrae
610 2967 891 3020 aecclesiae
937 2968 1056 3019 filiis
1104 2987 1243 3021 nunc
1281 2980 1332 3023 et
1369 2971 1423 3022 in
1459 2982 1728 3041 posterum
1765 2992 1882 3042 pro-

147 3086 182 3129 3.)
209 3090 380 3129 pemeria
405 3099 433 3122 c.
534 3086 572 3128 b)
596 3093 679 3127 post
705 3089 785 3120 adel.
888 3086 921 3128 c)
949 3088 1057 3119 Hanc
1088 3108 1129 3112 —
1157 3090 1323 3121 additam
1354 3092 1384 3121 1.
1497 3090 1533 3132 d)
1563 3093 1622 3124 sic.
1725 3091 1759 3132 e)
1790 3102 1886 3123 mem·

52 3134 177 3174 brana,
213 3138 269 3168 cui
303 3139 402 3177 siquo
431 3139 594 3177 apposito
621 3138 743 3168 charta
770 3137 915 3167 inscribi
941 3137 1067 3177 debuit,
1091 3138 1166 3177 Jam
1193 3139 1325 3172 eaecidit.
1469 3139 1497 3181 f)
1534 3141 1598 3182 ivi,
1634 3142 1731 3182 sino,
1768 3142 1798 3171 is
1826 3141 1880 3181 fir,

51 3184 125 3216 acit
149 3185 240 3217 absc.
341 3185 378 3227 g)
408 3187 456 3218 M.
486 3195 512 3218 c.

174 3268 217 3321 1)
249 3268 364 3310 Jaffet
405 3272 478 3312 Nr.
514 3271 645 3321 2884,
690 3271 838 3311 datum
883 3270 923 3311 d.
966 3271 1036 3311 24.
1069 3271 1206 3324 April.
1250 3285 1288 3313 a.
1324 3273 1425 3314 972.
1582 3274 1626 3325 2)
1670 3274 1796 3312 Haec
1842 3278 1884 3313 et

51 3340 238 3379 sequens
279 3335 521 3384 temporum
553 3337 683 3372 notae
727 3345 782 3372 an
817 3336 960 3371 certae
994 3333 1093 3381 sint,
1128 3332 1315 3372 dubitari
1348 3338 1506 3386 potest.
1661 3331 1706 3385 3)
1741 3333 1881 3373 Mont-

51 3387 385 3441 Notre-Dame,
427 3392 472 3431 in
513 3405 629 3446 pago
672 3392 942 3432 Tardanensi
988 3391 1270 3446 (Tardenois)
1313 3394 1368 3433 ab
1410 3394 1574 3435 oriente
1619 3398 1661 3433 et
1699 3393 1882 3433 meridie

53 3445 351 3500 Suessionum,
398 3465 533 3506 prope
576 3454 721 3492 vicum
763 3452 1004 3492 Bazoches.
1082 3453 1288 3493 Actorum
1332 3458 1499 3506 partem
1538 3454 1701 3506 primus
1744 3453 1883 3494 edidit

51 3506 315 3560 Harduinus,
349 3510 483 3553 Conc.
516 3513 593 3564 VI,
631 3515 669 3562 1,
702 3527 743 3567 p.
780 3513 863 3552 687
898 3511 1020 3565 (inde
1052 3512 1195 3554 Mansi
1227 3513 1368 3566 XIX).
