<?xml version="1.0" encoding="UTF-8"?>
<!DOCTYPE html PUBLIC "-//W3C//DTD XHTML 1.0 Transitional//EN"
    "http://www.w3.org/TR/xhtml1/DTD/xhtml1-transitional.dtd">
<html xmlns="http://www.w3.org/1999/xhtml" xml:lang="en" lang="en">
 <head>
  <title>
</title>
<meta http-equiv="Content-Type" content="text/html;charset=utf-8" />
  <meta name='ocr-system' content='tesseract 3.04.00' />
  <meta name='ocr-capabilities' content='ocr_page ocr_carea ocr_par ocr_line ocrx_word'/>
</head>
<body>
  <div class='ocr_page' id='page_1' title='image "./historiarumlibri00richuoft_0058.png"; bbox 0 0 2240 3879; ppageno 0'>
   <div class='ocr_carea' id='block_1_1' title="bbox 151 413 234 444">
    <p class='ocr_par' dir='ltr' id='par_1_1' title="bbox 151 413 234 444">
     <span class='ocr_line' id='line_1_1' title="bbox 151 413 234 444; baseline 0.012 -1"><span class='ocrx_word' id='word_1_1' title='bbox 151 413 234 444; x_wconf 82' lang='lat'>936.</span> 
     </span>
    </p>
   </div>
   <div class='ocr_carea' id='block_1_2' title="bbox 38 2776 234 2815">
    <p class='ocr_par' dir='ltr' id='par_1_2' title="bbox 38 2776 234 2815">
     <span class='ocr_line' id='line_1_2' title="bbox 38 2776 234 2815; baseline 0 -4"><span class='ocrx_word' id='word_1_2' title='bbox 38 2776 50 2791; x_wconf 78' lang='lat'>‘</span> <span class='ocrx_word' id='word_1_3' title='bbox 66 2780 130 2815; x_wconf 82' lang='lat' dir='ltr'>fol.</span> <span class='ocrx_word' id='word_1_4' title='bbox 164 2780 234 2811; x_wconf 82' lang='lat'>15¹.</span> 
     </span>
    </p>
   </div>
   <div class='ocr_carea' id='block_1_3' title="bbox 253 253 1692 300">
    <p class='ocr_par' dir='ltr' id='par_1_3' title="bbox 253 253 1692 300">
     <span class='ocr_line' id='line_1_3' title="bbox 253 253 1692 300; baseline -0.006 0"><span class='ocrx_word' id='word_1_5' title='bbox 253 261 309 300; x_wconf 85' lang='lat'>40</span> <span class='ocrx_word' id='word_1_6' title='bbox 679 256 931 297; x_wconf 83' lang='lat' dir='ltr'>RICHERI</span> <span class='ocrx_word' id='word_1_7' title='bbox 963 254 1382 296; x_wconf 83' lang='lat' dir='ltr'>HISTORIARUM</span> <span class='ocrx_word' id='word_1_8' title='bbox 1415 253 1600 294; x_wconf 84' lang='lat' dir='ltr'>LIBER</span> <span class='ocrx_word' id='word_1_9' title='bbox 1630 253 1692 292; x_wconf 89' lang='grc' dir='ltr'>Π.</span> 
     </span>
    </p>
   </div>
   <div class='ocr_carea' id='block_1_4' title="bbox 251 393 2116 1702">
    <p class='ocr_par' dir='ltr' id='par_1_4' title="bbox 251 393 2116 1702">
     <span class='ocr_line' id='line_1_4' title="bbox 253 393 2108 468; baseline -0.003 -19"><span class='ocrx_word' id='word_1_10' title='bbox 253 398 445 468; x_wconf 87' lang='lat' dir='ltr'>possit,</span> <span class='ocrx_word' id='word_1_11' title='bbox 503 405 835 465; x_wconf 91' lang='lat' dir='ltr'>contemptus</span> <span class='ocrx_word' id='word_1_12' title='bbox 890 393 1135 446; x_wconf 82' lang='lat' dir='ltr'>videlicet</span> <span class='ocrx_word' id='word_1_13' title='bbox 1188 393 1328 461; x_wconf 80' lang='lat' dir='ltr'>regis</span> <span class='ocrx_word' id='word_1_14' title='bbox 1386 409 1448 442; x_wconf 90' lang='lat' dir='ltr'>ac</span> <span class='ocrx_word' id='word_1_15' title='bbox 1502 411 1598 461; x_wconf 88' lang='lat' dir='ltr'>per</span> <span class='ocrx_word' id='word_1_16' title='bbox 1651 393 1751 444; x_wconf 93' lang='lat' dir='ltr'>hoc</span> <span class='ocrx_word' id='word_1_17' title='bbox 1806 394 2108 463; x_wconf 81' lang='lat' dir='ltr'>principum</span> 
     </span>
     <span class='ocr_line' id='line_1_5' title="bbox 255 460 2109 534; baseline -0.003 -16"><span class='ocrx_word' id='word_1_18' title='bbox 255 468 540 519; x_wconf 81' lang='lat' dir='ltr'>dissensus.</span> <span class='ocrx_word' id='word_1_19' title='bbox 613 466 902 534; x_wconf 86' lang='lat' dir='ltr'>Repetatur</span> <span class='ocrx_word' id='word_1_20' title='bbox 939 483 1065 532; x_wconf 79' lang='lat' dir='ltr'>ergo</span> <span class='ocrx_word' id='word_1_21' title='bbox 1103 465 1397 531; x_wconf 88' lang='lat' dir='ltr'>interrupta</span> <span class='ocrx_word' id='word_1_22' title='bbox 1431 460 1704 530; x_wconf 85' lang='lat' dir='ltr'>paululum</span> <span class='ocrx_word' id='word_1_23' title='bbox 1741 464 1918 531; x_wconf 77' lang='lat' dir='ltr'>regiae</span> <span class='ocrx_word' id='word_1_24' title='bbox 1955 482 2109 531; x_wconf 77' lang='lat' dir='ltr'>gene-</span> 
     </span>
     <span class='ocr_line' id='line_1_6' title="bbox 252 531 2109 601; baseline -0.003 -12"><span class='ocrx_word' id='word_1_25' title='bbox 252 537 470 588; x_wconf 81' lang='lat' dir='ltr'>rationis</span> <span class='ocrx_word' id='word_1_26' title='bbox 521 535 675 601; x_wconf 90' lang='lat' dir='ltr'>linea,</span> <span class='ocrx_word' id='word_1_27' title='bbox 730 553 791 585; x_wconf 86' lang='lat' dir='ltr'>ac</span> <span class='ocrx_word' id='word_1_28' title='bbox 837 533 1024 585; x_wconf 85' lang='lat' dir='ltr'>Karoli</span> <span class='ocrx_word' id='word_1_29' title='bbox 1072 533 1239 584; x_wconf 89' lang='lat' dir='ltr'>filium</span> <span class='ocrx_word' id='word_1_30' title='bbox 1287 531 1618 582; x_wconf 87' lang='lat' dir='ltr'>Ludovicum</span> <span class='ocrx_word' id='word_1_31' title='bbox 1666 550 1698 582; x_wconf 88' lang='lat' dir='ltr'>a</span> <span class='ocrx_word' id='word_1_32' title='bbox 1747 533 2109 584; x_wconf 76' lang='lat' dir='ltr'>transmarinis</span> 
     </span>
     <span class='ocr_line' id='line_1_7' title="bbox 252 601 2110 676; baseline -0.002 -19"><span class='ocrx_word' id='word_1_33' title='bbox 252 605 493 676; x_wconf 85' lang='lat' dir='ltr'>partibus</span> <span class='ocrx_word' id='word_1_34' title='bbox 542 613 866 669; x_wconf 82' lang='lat' dir='ltr'>revocantes,</span> <span class='ocrx_word' id='word_1_35' title='bbox 918 622 1098 670; x_wconf 81' lang='lat' dir='ltr'>regem</span> <span class='ocrx_word' id='word_1_36' title='bbox 1146 603 1298 655; x_wconf 82' lang='lat' dir='ltr'>vobis</span> <span class='ocrx_word' id='word_1_37' title='bbox 1338 601 1585 652; x_wconf 88' lang='lat' dir='ltr'>decenter</span> <span class='ocrx_word' id='word_1_38' title='bbox 1633 610 1819 653; x_wconf 88' lang='lat' dir='ltr'>create.</span> <span class='ocrx_word' id='word_1_39' title='bbox 1913 601 2110 672; x_wconf 84' lang='lat' dir='ltr'>Sicque</span> 
     </span>
     <span class='ocr_line' id='line_1_8' title="bbox 252 671 2112 742; baseline -0.002 -16"><span class='ocrx_word' id='word_1_40' title='bbox 252 677 390 742; x_wconf 67' lang='lat' dir='ltr'>fieta,</span> <span class='ocrx_word' id='word_1_41' title='bbox 428 686 486 728; x_wconf 81' lang='lat' dir='ltr'>ut</span> <span class='ocrx_word' id='word_1_42' title='bbox 523 686 573 727; x_wconf 90' lang='lat' dir='ltr'>et</span> <span class='ocrx_word' id='word_1_43' title='bbox 610 675 828 742; x_wconf 87' lang='lat' dir='ltr'>antiqua</span> <span class='ocrx_word' id='word_1_44' title='bbox 864 672 1112 724; x_wconf 84' lang='lat' dir='ltr'>nobilitas</span> <span class='ocrx_word' id='word_1_45' title='bbox 1150 673 1328 741; x_wconf 81' lang='lat' dir='ltr'>regiae</span> <span class='ocrx_word' id='word_1_46' title='bbox 1367 671 1543 739; x_wconf 85' lang='lat' dir='ltr'>stirpis</span> <span class='ocrx_word' id='word_1_47' title='bbox 1582 680 1832 737; x_wconf 75' lang='lat' dir='ltr'>se1·vetiu·,</span> <span class='ocrx_word' id='word_1_48' title='bbox 1871 681 1922 724; x_wconf 89' lang='lat' dir='ltr'>et</span> <span class='ocrx_word' id='word_1_49' title='bbox 1945 672 2112 723; x_wconf 87' lang='lat' dir='ltr'>fauto-</span> 
     </span>
     <span class='ocr_line' id='line_1_9' title="bbox 253 740 2110 814; baseline -0.003 -16"><span class='ocrx_word' id='word_1_50' title='bbox 253 747 372 798; x_wconf 82' lang='lat' dir='ltr'>resb</span> <span class='ocrx_word' id='word_1_51' title='bbox 399 763 430 795; x_wconf 90' lang='lat' dir='ltr'>a</span> <span class='ocrx_word' id='word_1_52' title='bbox 458 744 799 814; x_wconf 76' lang='lat' dir='ltr'>querimoniis</span> <span class='ocrx_word' id='word_1_53' title='bbox 828 744 1116 812; x_wconf 83' lang='lat' dir='ltr'>quiescant.</span> <span class='ocrx_word' id='word_1_54' title='bbox 1179 742 1292 793; x_wconf 86' lang='lat' dir='ltr'>Iam</span> <span class='ocrx_word' id='word_1_55' title='bbox 1321 740 1462 810; x_wconf 89' lang='lat' dir='ltr'>quod</span> <span class='ocrx_word' id='word_1_56' title='bbox 1488 740 1663 808; x_wconf 91' lang='lat' dir='ltr'>potius</span> <span class='ocrx_word' id='word_1_57' title='bbox 1702 750 1780 791; x_wconf 91' lang='lat' dir='ltr'>est</span> <span class='ocrx_word' id='word_1_58' title='bbox 1817 751 2110 810; x_wconf 89' lang='lat' dir='ltr'>sequentes,</span> 
     </span>
     <span class='ocr_line' id='line_1_10' title="bbox 254 809 2111 874; baseline -0.002 -8"><span class='ocrx_word' id='word_1_59' title='bbox 254 835 284 867; x_wconf 91' lang='lat' dir='ltr'>a</span> <span class='ocrx_word' id='word_1_60' title='bbox 322 815 600 866; x_wconf 83' lang='lat' dir='ltr'>maritimis</span> <span class='ocrx_word' id='word_1_61' title='bbox 638 813 816 864; x_wconf 83' lang='lat' dir='ltr'>horisc</span> <span class='ocrx_word' id='word_1_62' title='bbox 855 811 1241 864; x_wconf 75' lang='lat' dir='ltr'>adolescentem</span> <span class='ocrx_word' id='word_1_63' title='bbox 1289 812 1628 862; x_wconf 84' lang='lat' dir='ltr'>revocemus&#39;.</span> <span class='ocrx_word' id='word_1_64' title='bbox 1704 809 1912 874; x_wconf 73' lang='lat' dir='ltr'>Quibus</span> <span class='ocrx_word' id='word_1_65' title='bbox 1956 811 2111 863; x_wconf 89' lang='lat' dir='ltr'>dictis</span> 
     </span>
     <span class='ocr_line' id='line_1_11' title="bbox 256 879 2113 952; baseline -0.002 -15"><span class='ocrx_word' id='word_1_66' title='bbox 256 884 531 937; x_wconf 82' lang='lat' dir='ltr'>Gallorum</span> <span class='ocrx_word' id='word_1_67' title='bbox 568 884 835 952; x_wconf 79' lang='lat' dir='ltr'>principes</span> <span class='ocrx_word' id='word_1_68' title='bbox 873 883 1006 933; x_wconf 89' lang='lat' dir='ltr'>mira</span> <span class='ocrx_word' id='word_1_69' title='bbox 1053 880 1408 933; x_wconf 85' lang='lat' dir='ltr'>benivolentia</span> <span class='ocrx_word' id='word_1_70' title='bbox 1447 880 1692 931; x_wconf 81' lang='lat' dir='ltr'>cedunt*.</span> <span class='ocrx_word' id='word_1_71' title='bbox 1764 879 1898 930; x_wconf 81' lang='lat' dir='ltr'>Dux</span> <span class='ocrx_word' id='word_1_72' title='bbox 1935 882 2113 949; x_wconf 84' lang='lat' dir='ltr'>itaque</span> 
     </span>
     <span class='ocr_line' id='line_1_12' title="bbox 252 949 2113 1030; baseline -0.003 -24"><span class='ocrx_word' id='word_1_73' title='bbox 252 955 454 1024; x_wconf 82' lang='lat' dir='ltr'>legatos</span> <span class='ocrx_word' id='word_1_74' title='bbox 513 963 744 1005; x_wconf 88' lang='lat' dir='ltr'>oratores</span> <span class='ocrx_word' id='word_1_75' title='bbox 800 960 943 1003; x_wconf 89' lang='lat' dir='ltr'>trans</span> <span class='ocrx_word' id='word_1_76' title='bbox 1003 969 1147 1002; x_wconf 88' lang='lat' dir='ltr'>mare</span> <span class='ocrx_word' id='word_1_77' title='bbox 1205 950 1273 1001; x_wconf 92' lang='lat' dir='ltr'>ad</span> <span class='ocrx_word' id='word_1_78' title='bbox 1318 949 1727 1030; x_wconf 54' lang='lat' dir='ltr'>Qccersiendum</span> <span class='ocrx_word' id='word_1_79' title='bbox 1782 949 2113 1001; x_wconf 86' lang='lat' dir='ltr'>Ludovicum</span> 
     </span>
     <span class='ocr_line' id='line_1_13' title="bbox 253 1017 2112 1092; baseline -0.002 -17"><span class='ocrx_word' id='word_1_80' title='bbox 253 1025 448 1091; x_wconf 75' lang='lat' dir='ltr'>dirigit,</span> <span class='ocrx_word' id='word_1_81' title='bbox 489 1023 579 1092; x_wconf 90' lang='lat' dir='ltr'>qui</span> <span class='ocrx_word' id='word_1_82' title='bbox 619 1024 665 1074; x_wconf 87' lang='lat' dir='ltr'>ei</span> <span class='ocrx_word' id='word_1_83' title='bbox 715 1041 745 1072; x_wconf 89' lang='lat' dir='ltr'>a</span> <span class='ocrx_word' id='word_1_84' title='bbox 783 1021 916 1072; x_wconf 89' lang='lat' dir='ltr'>duce</span> <span class='ocrx_word' id='word_1_85' title='bbox 946 1020 1238 1072; x_wconf 84' lang='lat' dir='ltr'>Galliarum</span> <span class='ocrx_word' id='word_1_86' title='bbox 1276 1019 1495 1088; x_wconf 78' lang='lat' dir='ltr'>ahisque</span> <span class='ocrx_word' id='word_1_87' title='bbox 1524 1017 1856 1089; x_wconf 83' lang='lat' dir='ltr'>principibus</span> <span class='ocrx_word' id='word_1_88' title='bbox 1882 1020 2112 1071; x_wconf 88' lang='lat' dir='ltr'>reditum</span> 
     </span>
     <span class='ocr_line' id='line_1_14' title="bbox 254 1089 2113 1145; baseline -0.001 -1"><span class='ocrx_word' id='word_1_89' title='bbox 254 1094 509 1145; x_wconf 81' lang='lat' dir='ltr'>suadeant</span> <span class='ocrx_word' id='word_1_90' title='bbox 572 1110 634 1143; x_wconf 92' lang='lat' dir='ltr'>ac</span> <span class='ocrx_word' id='word_1_91' title='bbox 688 1092 751 1143; x_wconf 92' lang='lat' dir='ltr'>de</span> <span class='ocrx_word' id='word_1_92' title='bbox 806 1091 1007 1142; x_wconf 86' lang='lat' dir='ltr'>itineris</span> <span class='ocrx_word' id='word_1_93' title='bbox 1064 1091 1342 1142; x_wconf 73' lang='lat' dir='ltr'>securitate</span> <span class='ocrx_word' id='word_1_94' title='bbox 1397 1089 1556 1140; x_wconf 89' lang='lat' dir='ltr'>fidem</span> <span class='ocrx_word' id='word_1_95' title='bbox 1624 1090 1938 1141; x_wconf 88' lang='lat' dir='ltr'>sacramenti</span> <span class='ocrx_word' id='word_1_96' title='bbox 1999 1090 2113 1142; x_wconf 87' lang='lat' dir='ltr'>iure</span> 
     </span>
     <span class='ocr_line' id='line_1_15' title="bbox 252 1158 2112 1231; baseline -0.002 -17"><span class='ocrx_word' id='word_1_97' title='bbox 252 1164 462 1228; x_wconf 82' lang='lat' dir='ltr'>faciant,</span> <span class='ocrx_word' id='word_1_98' title='bbox 501 1163 803 1231; x_wconf 86' lang='lat' dir='ltr'>principum</span> <span class='ocrx_word' id='word_1_99' title='bbox 847 1160 1134 1212; x_wconf 87' lang='lat' dir='ltr'>adventum</span> <span class='ocrx_word' id='word_1_100' title='bbox 1178 1179 1345 1229; x_wconf 88' lang='lat' dir='ltr'>usque</span> <span class='ocrx_word' id='word_1_101' title='bbox 1389 1159 1455 1210; x_wconf 90' lang='lat' dir='ltr'>ad</span> <span class='ocrx_word' id='word_1_102' title='bbox 1494 1160 1638 1228; x_wconf 88' lang='lat' dir='ltr'>ipsas</span> <span class='ocrx_word' id='word_1_103' title='bbox 1680 1158 1892 1211; x_wconf 90' lang='lat' dir='ltr'>litoreas</span> <span class='ocrx_word' id='word_1_104' title='bbox 1927 1177 2112 1211; x_wconf 84' lang='lat' dir='ltr'>arenas</span> 
     </span>
     <span class='ocr_line' id='line_1_16' title="bbox 253 1228 2114 1299; baseline -0.003 -14"><span class='ocrx_word' id='word_1_105' title='bbox 253 1234 575 1285; x_wconf 86' lang='lat' dir='ltr'>denuntient.</span> <span class='ocrx_word' id='word_1_106' title='bbox 630 1232 735 1297; x_wconf 75' lang='lat' dir='ltr'>Qui</span> <span class='ocrx_word' id='word_1_107' title='bbox 760 1249 889 1282; x_wconf 78' lang='lat' dir='ltr'>mox</span> <span class='ocrx_word' id='word_1_108' title='bbox 917 1231 1142 1299; x_wconf 71' lang='lat' dir='ltr'>digressi</span> <span class='ocrx_word' id='word_1_109' title='bbox 1167 1230 1432 1281; x_wconf 80' lang='lat' dir='ltr'>Morinum</span> <span class='ocrx_word' id='word_1_110' title='bbox 1448 1232 1537 1265; x_wconf 55' lang='grc' dir='ltr'>*Μ</span> <span class='ocrx_word' id='word_1_111' title='bbox 1569 1229 1906 1282; x_wconf 81' lang='lat' dir='ltr'>devenerunt.</span> <span class='ocrx_word' id='word_1_112' title='bbox 1948 1228 2114 1281; x_wconf 85' lang='lat' dir='ltr'>Cuius</span> 
     </span>
     <span class='ocr_line' id='line_1_17' title="bbox 251 1299 2112 1371; baseline -0.002 -18"><span class='ocrx_word' id='word_1_113' title='bbox 251 1305 304 1353; x_wconf 91' lang='lat' dir='ltr'>in</span> <span class='ocrx_word' id='word_1_114' title='bbox 355 1312 512 1371; x_wconf 88' lang='lat' dir='ltr'>portu</span> <span class='ocrx_word' id='word_1_115' title='bbox 560 1320 720 1353; x_wconf 89' lang='lat' dir='ltr'>naves</span> <span class='ocrx_word' id='word_1_116' title='bbox 768 1302 1008 1368; x_wconf 78' lang='lat' dir='ltr'>ingressi,</span> <span class='ocrx_word' id='word_1_117' title='bbox 1058 1299 1187 1351; x_wconf 84' lang='lat' dir='ltr'>velis</span> <span class='ocrx_word' id='word_1_118' title='bbox 1235 1299 1558 1351; x_wconf 85' lang='lat' dir='ltr'>tumentibus</span> <span class='ocrx_word' id='word_1_119' title='bbox 1610 1300 1878 1368; x_wconf 86' lang='lat' dir='ltr'>prosperis</span> <span class='ocrx_word' id='word_1_120' title='bbox 1927 1300 2112 1365; x_wconf 84' lang='lat' dir='ltr'>ventis,</span> 
     </span>
     <span class='ocr_line' id='line_1_18' title="bbox 252 1368 2114 1441; baseline -0.002 -18"><span class='ocrx_word' id='word_1_121' title='bbox 252 1374 447 1441; x_wconf 90' lang='lat' dir='ltr'>raptim</span> <span class='ocrx_word' id='word_1_122' title='bbox 487 1371 554 1422; x_wconf 85' lang='lat' dir='ltr'>ad</span> <span class='ocrx_word' id='word_1_123' title='bbox 593 1381 784 1423; x_wconf 85' lang='lat' dir='ltr'>terram</span> <span class='ocrx_word' id='word_1_124' title='bbox 825 1371 1017 1422; x_wconf 74' lang='lat' dir='ltr'>devexi</span> <span class='ocrx_word' id='word_1_125' title='bbox 1055 1371 1222 1421; x_wconf 74' lang='lat' dir='ltr'>suntd.</span> <span class='ocrx_word' id='word_1_126' title='bbox 1309 1368 1663 1420; x_wconf 68' lang='lat' dir='ltr'>Adelstanuse</span> <span class='ocrx_word' id='word_1_127' title='bbox 1701 1387 1797 1420; x_wconf 80' lang='lat' dir='ltr'>rex</span> <span class='ocrx_word' id='word_1_128' title='bbox 1835 1371 1890 1420; x_wconf 91' lang='lat' dir='ltr'>in</span> <span class='ocrx_word' id='word_1_129' title='bbox 1925 1368 2114 1421; x_wconf 90' lang='lat' dir='ltr'>urbem</span> 
     </span>
     <span class='ocr_line' id='line_1_19' title="bbox 254 1438 2115 1512; baseline -0.002 -20"><span class='ocrx_word' id='word_1_130' title='bbox 254 1461 388 1512; x_wconf 90' lang='lat' dir='ltr'>quae</span> <span class='ocrx_word' id='word_1_131' title='bbox 429 1442 619 1492; x_wconf 87' lang='lat' dir='ltr'>dicitur</span> <span class='ocrx_word' id='word_1_132' title='bbox 655 1441 923 1491; x_wconf 78' lang='lat' dir='ltr'>Eurvich2</span> <span class='ocrx_word' id='word_1_133' title='bbox 962 1458 1247 1508; x_wconf 82' lang='lat' dir='ltr'>regnorum</span> <span class='ocrx_word' id='word_1_134' title='bbox 1285 1439 1497 1506; x_wconf 81' lang='lat' dir='ltr'>negotia</span> <span class='ocrx_word' id='word_1_135' title='bbox 1551 1456 1671 1489; x_wconf 91' lang='lat' dir='ltr'>cum</span> <span class='ocrx_word' id='word_1_136' title='bbox 1709 1447 1903 1507; x_wconf 86' lang='lat' dir='ltr'>nepote</span> <span class='ocrx_word' id='word_1_137' title='bbox 1940 1438 2115 1489; x_wconf 92' lang='lat' dir='ltr'>Ludo-</span> 
     </span>
     <span class='ocr_line' id='line_1_20' title="bbox 253 1507 2115 1579; baseline -0.002 -17"><span class='ocrx_word' id='word_1_138' title='bbox 253 1513 372 1563; x_wconf 83' lang='lat' dir='ltr'>vico</span> <span class='ocrx_word' id='word_1_139' title='bbox 417 1510 560 1579; x_wconf 87' lang='lat' dir='ltr'>apud</span> <span class='ocrx_word' id='word_1_140' title='bbox 610 1529 730 1561; x_wconf 89' lang='lat' dir='ltr'>suos</span> <span class='ocrx_word' id='word_1_141' title='bbox 770 1508 1100 1578; x_wconf 83' lang='lat' dir='ltr'>disponebat.</span> <span class='ocrx_word' id='word_1_142' title='bbox 1174 1508 1295 1559; x_wconf 89' lang='lat' dir='ltr'>Huc</span> <span class='ocrx_word' id='word_1_143' title='bbox 1335 1508 1494 1576; x_wconf 79' lang='lat' dir='ltr'>legati</span> <span class='ocrx_word' id='word_1_144' title='bbox 1534 1507 1888 1574; x_wconf 78' lang='lat' dir='ltr'>devenientes,</span> <span class='ocrx_word' id='word_1_145' title='bbox 1933 1527 2115 1576; x_wconf 80' lang='lat' dir='ltr'>regem</span> 
     </span>
     <span class='ocr_line' id='line_1_21' title="bbox 252 1577 2116 1647; baseline -0.002 -14"><span class='ocrx_word' id='word_1_146' title='bbox 252 1581 448 1633; x_wconf 87' lang='lat' dir='ltr'>adeunt</span> <span class='ocrx_word' id='word_1_147' title='bbox 497 1599 558 1631; x_wconf 89' lang='lat' dir='ltr'>ac</span> <span class='ocrx_word' id='word_1_148' title='bbox 609 1598 639 1630; x_wconf 86' lang='lat' dir='ltr'>a</span> <span class='ocrx_word' id='word_1_149' title='bbox 679 1580 839 1630; x_wconf 82' lang='lat' dir='ltr'>ducef</span> <span class='ocrx_word' id='word_1_150' title='bbox 881 1577 1323 1647; x_wconf 73' lang='lat' dir='ltr'>magnatibusque</span> <span class='ocrx_word' id='word_1_151' title='bbox 1365 1577 1639 1628; x_wconf 83' lang='lat' dir='ltr'>Gallorum</span> <span class='ocrx_word' id='word_1_152' title='bbox 1687 1577 1934 1629; x_wconf 88' lang='lat' dir='ltr'>decenter</span> <span class='ocrx_word' id='word_1_153' title='bbox 1983 1585 2116 1629; x_wconf 91' lang='lat' dir='ltr'>salu-</span> 
     </span>
     <span class='ocr_line' id='line_1_22' title="bbox 252 1661 445 1702; baseline -0.016 0"><span class='ocrx_word' id='word_1_154' title='bbox 252 1661 445 1702; x_wconf 85' lang='lat' dir='ltr'>tantur.</span> 
     </span>
    </p>
   </div>
   <div class='ocr_carea' id='block_1_5' title="bbox 393 1770 1973 1892">
    <p class='ocr_par' dir='ltr' id='par_1_5' title="bbox 393 1770 1973 1892">
     <span class='ocr_line' id='line_1_23' title="bbox 393 1770 1973 1892; baseline -0.003 -68"><span class='ocrx_word' id='word_1_155' title='bbox 393 1774 437 1824; x_wconf 74' lang='grc'>3.</span> <span class='ocrx_word' id='word_1_156' title='bbox 490 1772 745 1841; x_wconf 67' lang='lat' dir='ltr'>Legatiog</span> <span class='ocrx_word' id='word_1_157' title='bbox 785 1771 1092 1824; x_wconf 71' lang='lat' dir='ltr'>Gallorumg</span> <span class='ocrx_word' id='word_1_158' title='bbox 1121 1771 1199 1892; x_wconf 56' lang='lat' dir='ltr'>lad</span> <span class='ocrx_word' id='word_1_159' title='bbox 1235 1770 1624 1823; x_wconf 71' lang='lat' dir='ltr'>Adelstanumg</span> <span class='ocrx_word' id='word_1_160' title='bbox 1661 1789 1841 1839; x_wconf 80' lang='lat' dir='ltr'>regem</span> <span class='ocrx_word' id='word_1_161' title='bbox 1877 1788 1973 1839; x_wconf 87' lang='lat' dir='ltr'>pro</span> 
     </span>
     <span class='ocr_line' id='line_1_24' title="bbox 1024 1841 1352 1892; baseline -0.003 0"><span class='ocrx_word' id='word_1_162' title='bbox 1024 1842 1127 1892; x_wconf 74' lang='lat' dir='ltr'>Luc</span> <span class='ocrx_word' id='word_1_163' title='bbox 1147 1841 1297 1892; x_wconf 82' lang='lat' dir='ltr'>ovico</span> <span class='ocrx_word' id='word_1_164' title='bbox 1316 1851 1352 1891; x_wconf 65' lang='lat' dir='ltr'>g.</span> 
     </span>
    </p>
   </div>
   <div class='ocr_carea' id='block_1_6' title="bbox 252 1924 2117 3040">
    <p class='ocr_par' dir='ltr' id='par_1_6' title="bbox 252 1924 2117 3040">
     <span class='ocr_line' id='line_1_25' title="bbox 393 1924 2112 1996; baseline -0.001 -18"><span class='ocrx_word' id='word_1_165' title='bbox 393 1927 739 1996; x_wconf 82' lang='lat' dir='ltr'>Legationem</span> <span class='ocrx_word' id='word_1_166' title='bbox 768 1927 923 1978; x_wconf 85' lang='lat' dir='ltr'>etiam</span> <span class='ocrx_word' id='word_1_167' title='bbox 950 1925 1375 1996; x_wconf 76' lang='lat' dir='ltr'>promulgantes:</span> <span class='ocrx_word' id='word_1_168' title='bbox 1416 1925 1633 1991; x_wconf 77' lang='lat' dir='ltr'>‘Ducis&#39;,</span> <span class='ocrx_word' id='word_1_169' title='bbox 1660 1925 1920 1995; x_wconf 88' lang='lat' dir='ltr'>inquiunt,</span> <span class='ocrx_word' id='word_1_170' title='bbox 1950 1924 2112 1976; x_wconf 82' lang='lat' dir='ltr'>‘beni-</span> 
     </span>
     <span class='ocr_line' id='line_1_26' title="bbox 254 1994 2117 2066; baseline 0.001 -20"><span class='ocrx_word' id='word_1_171' title='bbox 254 1996 482 2048; x_wconf 86' lang='lat' dir='ltr'>volentia</span> <span class='ocrx_word' id='word_1_172' title='bbox 520 2006 675 2066; x_wconf 88' lang='lat' dir='ltr'>atque</span> <span class='ocrx_word' id='word_1_173' title='bbox 715 1997 986 2047; x_wconf 87' lang='lat' dir='ltr'>omniumh</span> <span class='ocrx_word' id='word_1_174' title='bbox 1028 1997 1117 2064; x_wconf 89' lang='lat' dir='ltr'>qui</span> <span class='ocrx_word' id='word_1_175' title='bbox 1154 1997 1207 2046; x_wconf 88' lang='lat' dir='ltr'>in</span> <span class='ocrx_word' id='word_1_176' title='bbox 1237 1994 1422 2046; x_wconf 84' lang='lat' dir='ltr'>Galliis</span> <span class='ocrx_word' id='word_1_177' title='bbox 1459 1996 1690 2064; x_wconf 91' lang='lat' dir='ltr'>potiores</span> <span class='ocrx_word' id='word_1_178' title='bbox 1729 2003 1849 2046; x_wconf 88' lang='lat' dir='ltr'>sunt</span> <span class='ocrx_word' id='word_1_179' title='bbox 1884 1994 1987 2045; x_wconf 89' lang='lat' dir='ltr'>huc</span> <span class='ocrx_word' id='word_1_180' title='bbox 2018 2014 2117 2064; x_wconf 87' lang='lat' dir='ltr'>per</span> 
     </span>
     <span class='ocr_line' id='line_1_27' title="bbox 254 2063 2115 2134; baseline 0.001 -18"><span class='ocrx_word' id='word_1_181' title='bbox 254 2066 422 2117; x_wconf 89' lang='lat' dir='ltr'>undas</span> <span class='ocrx_word' id='word_1_182' title='bbox 460 2067 626 2134; x_wconf 82' lang='lat' dir='ltr'>ignoti</span> <span class='ocrx_word' id='word_1_183' title='bbox 678 2066 837 2116; x_wconf 84' lang='lat' dir='ltr'>maris</span> <span class='ocrx_word' id='word_1_184' title='bbox 876 2066 1211 2129; x_wconf 73' lang='lat' dir='ltr'>devenimus3</span> <span class='ocrx_word' id='word_1_185' title='bbox 1262 2074 1407 2116; x_wconf 87' lang='lat' dir='ltr'>tanta</span> <span class='ocrx_word' id='word_1_186' title='bbox 1457 2074 1534 2116; x_wconf 83' lang='lat' dir='ltr'>est</span> <span class='ocrx_word' id='word_1_187' title='bbox 1587 2065 1822 2115; x_wconf 90' lang='lat' dir='ltr'>omnium</span> <span class='ocrx_word' id='word_1_188' title='bbox 1870 2063 2115 2117; x_wconf 80' lang='lat' dir='ltr'>voluntas</span> 
     </span>
     <span class='ocr_line' id='line_1_28' title="bbox 255 2133 2112 2204; baseline 0 -17"><span class='ocrx_word' id='word_1_189' title='bbox 255 2137 594 2204; x_wconf 75' lang='lat' dir='ltr'>omniumque</span> <span class='ocrx_word' id='word_1_190' title='bbox 635 2153 933 2186; x_wconf 79' lang='lat' dir='ltr'>consensus.</span> <span class='ocrx_word' id='word_1_191' title='bbox 1007 2135 1208 2186; x_wconf 86' lang='lat' dir='ltr'>Divaei</span> <span class='ocrx_word' id='word_1_192' title='bbox 1247 2136 1532 2186; x_wconf 83' lang='lat' dir='ltr'>memoriae</span> <span class='ocrx_word' id='word_1_193' title='bbox 1571 2133 1796 2185; x_wconf 80' lang='lat' dir='ltr'>Rodulfo</span> <span class='ocrx_word' id='word_1_194' title='bbox 1838 2133 1953 2185; x_wconf 89' lang='lat' dir='ltr'>orbi</span> <span class='ocrx_word' id='word_1_195' title='bbox 1993 2135 2112 2187; x_wconf 90' lang='lat' dir='ltr'>sub-</span> 
     </span>
     <span class='ocr_line' id='line_1_29' title="bbox 253 2202 2115 2274; baseline -0.001 -18"><span class='ocrx_word' id='word_1_196' title='bbox 253 2217 438 2271; x_wconf 87' lang='lat' dir='ltr'>tracto,</span> <span class='ocrx_word' id='word_1_197' title='bbox 490 2206 602 2257; x_wconf 78' lang='lat' dir='ltr'>dux</span> <span class='ocrx_word' id='word_1_198' title='bbox 650 2204 983 2256; x_wconf 85' lang='lat' dir='ltr'>Ludovicum</span> <span class='ocrx_word' id='word_1_199' title='bbox 1023 2205 1307 2256; x_wconf 86' lang='lat' dir='ltr'>succedere</span> <span class='ocrx_word' id='word_1_200' title='bbox 1345 2205 1674 2274; x_wconf 72' lang='lat' dir='ltr'>procuravit,</span> <span class='ocrx_word' id='word_1_201' title='bbox 1712 2222 1832 2254; x_wconf 90' lang='lat' dir='ltr'>cum</span> <span class='ocrx_word' id='word_1_202' title='bbox 1870 2202 1922 2254; x_wconf 92' lang='lat' dir='ltr'>id</span> <span class='ocrx_word' id='word_1_203' title='bbox 1962 2204 2115 2257; x_wconf 84' lang='lat' dir='ltr'>multi</span> 
     </span>
     <span class='ocr_line' id='line_1_30' title="bbox 253 2272 2114 2344; baseline 0 -18"><span class='ocrx_word' id='word_1_204' title='bbox 253 2276 404 2326; x_wconf 84' lang='lat' dir='ltr'>inviti</span> <span class='ocrx_word' id='word_1_205' title='bbox 457 2274 821 2340; x_wconf 86' lang='lat' dir='ltr'>concederent,</span> <span class='ocrx_word' id='word_1_206' title='bbox 880 2293 939 2326; x_wconf 92' lang='lat' dir='ltr'>eo</span> <span class='ocrx_word' id='word_1_207' title='bbox 993 2274 1133 2344; x_wconf 91' lang='lat' dir='ltr'>quod</span> <span class='ocrx_word' id='word_1_208' title='bbox 1173 2274 1236 2325; x_wconf 91' lang='lat' dir='ltr'>de</span> <span class='ocrx_word' id='word_1_209' title='bbox 1275 2275 1438 2343; x_wconf 88' lang='lat' dir='ltr'>patris</span> <span class='ocrx_word' id='word_1_210' title='bbox 1490 2274 1732 2342; x_wconf 87' lang='lat' dir='ltr'>captione</span> <span class='ocrx_word' id='word_1_211' title='bbox 1772 2272 1939 2324; x_wconf 84' lang='lat' dir='ltr'>filium</span> <span class='ocrx_word' id='word_1_212' title='bbox 1978 2273 2114 2326; x_wconf 91' lang='lat' dir='ltr'>adeo</span> 
     </span>
     <span class='ocr_line' id='line_1_31' title="bbox 254 2342 2111 2414; baseline 0.001 -19"><span class='ocrx_word' id='word_1_213' title='bbox 254 2355 558 2414; x_wconf 85' lang='lat' dir='ltr'>suspectum</span> <span class='ocrx_word' id='word_1_214' title='bbox 585 2345 851 2397; x_wconf 86' lang='lat' dir='ltr'>haberent.</span> <span class='ocrx_word' id='word_1_215' title='bbox 909 2345 1159 2396; x_wconf 78' lang='lat' dir='ltr'>Attamen</span> <span class='ocrx_word' id='word_1_216' title='bbox 1197 2344 1319 2395; x_wconf 88' lang='lat' dir='ltr'>duci</span> <span class='ocrx_word' id='word_1_217' title='bbox 1358 2343 1647 2396; x_wconf 85' lang='lat' dir='ltr'>elaboranti</span> <span class='ocrx_word' id='word_1_218' title='bbox 1684 2342 1738 2393; x_wconf 90' lang='lat' dir='ltr'>id</span> <span class='ocrx_word' id='word_1_219' title='bbox 1773 2344 1839 2395; x_wconf 86' lang='lat' dir='ltr'>ab</span> <span class='ocrx_word' id='word_1_220' title='bbox 1868 2345 2111 2396; x_wconf 86' lang='lat' dir='ltr'>omnibus</span> 
     </span>
     <span class='ocr_line' id='line_1_32' title="bbox 252 2412 2116 2483; baseline 0.001 -18"><span class='ocrx_word' id='word_1_221' title='bbox 252 2415 626 2466; x_wconf 86' lang='lat' dir='ltr'>iocundissime</span> <span class='ocrx_word' id='word_1_222' title='bbox 655 2432 961 2466; x_wconf 87' lang='lat' dir='ltr'>concessum</span> <span class='ocrx_word' id='word_1_223' title='bbox 991 2424 1082 2465; x_wconf 89' lang='lat' dir='ltr'>est.</span> <span class='ocrx_word' id='word_1_224' title='bbox 1142 2414 1420 2465; x_wconf 83' lang='lat' dir='ltr'>Ludovico</span> <span class='ocrx_word' id='word_1_225' title='bbox 1461 2432 1586 2482; x_wconf 82' lang='lat' dir='ltr'>ergo</span> <span class='ocrx_word' id='word_1_226' title='bbox 1628 2431 1808 2464; x_wconf 89' lang='lat' dir='ltr'>omnes</span> <span class='ocrx_word' id='word_1_227' title='bbox 1847 2412 1980 2464; x_wconf 90' lang='lat' dir='ltr'>bene</span> <span class='ocrx_word' id='word_1_228' title='bbox 2017 2433 2116 2483; x_wconf 89' lang='lat' dir='ltr'>per</span> 
     </span>
     <span class='ocr_line' id='line_1_33' title="bbox 255 2482 2112 2554; baseline 0.001 -20"><span class='ocrx_word' id='word_1_229' title='bbox 255 2485 430 2534; x_wconf 85' lang='lat' dir='ltr'>omnia</span> <span class='ocrx_word' id='word_1_230' title='bbox 459 2483 654 2535; x_wconf 90' lang='lat' dir='ltr'>obtant.</span> <span class='ocrx_word' id='word_1_231' title='bbox 710 2483 819 2535; x_wconf 80' lang='lat' dir='ltr'>Nec</span> <span class='ocrx_word' id='word_1_232' title='bbox 849 2482 950 2534; x_wconf 85' lang='lat' dir='ltr'>sibi</span> <span class='ocrx_word' id='word_1_233' title='bbox 978 2485 1262 2554; x_wconf 88' lang='lat' dir='ltr'>quicquam</span> <span class='ocrx_word' id='word_1_234' title='bbox 1301 2485 1470 2535; x_wconf 87' lang='lat' dir='ltr'>maius</span> <span class='ocrx_word' id='word_1_235' title='bbox 1510 2492 1601 2535; x_wconf 85' lang='lat' dir='ltr'>aut</span> <span class='ocrx_word' id='word_1_236' title='bbox 1639 2483 1809 2533; x_wconf 88' lang='lat' dir='ltr'>carius</span> <span class='ocrx_word' id='word_1_237' title='bbox 1850 2484 1961 2534; x_wconf 75' lang='lat' dir='ltr'>estk</span> <span class='ocrx_word' id='word_1_238' title='bbox 2000 2485 2112 2535; x_wconf 91' lang='lat' dir='ltr'>eius</span> 
     </span>
     <span class='ocr_line' id='line_1_34' title="bbox 256 2552 2114 2622; baseline 0 -18"><span class='ocrx_word' id='word_1_239' title='bbox 256 2553 436 2605; x_wconf 89' lang='lat' dir='ltr'>salute.</span> <span class='ocrx_word' id='word_1_240' title='bbox 511 2553 666 2606; x_wconf 88' lang='lat' dir='ltr'>Illum</span> <span class='ocrx_word' id='word_1_241' title='bbox 716 2555 895 2622; x_wconf 85' lang='lat' dir='ltr'>itaque</span> <span class='ocrx_word' id='word_1_242' title='bbox 935 2572 1115 2605; x_wconf 84' lang='lat' dir='ltr'>omnes</span> <span class='ocrx_word' id='word_1_243' title='bbox 1164 2553 1315 2605; x_wconf 90' lang='lat' dir='ltr'>reddi</span> <span class='ocrx_word' id='word_1_244' title='bbox 1364 2563 1566 2622; x_wconf 82' lang='lat' dir='ltr'>petunt,</span> <span class='ocrx_word' id='word_1_245' title='bbox 1617 2571 1774 2621; x_wconf 87' lang='lat' dir='ltr'>quem</span> <span class='ocrx_word' id='word_1_246' title='bbox 1821 2553 1875 2602; x_wconf 91' lang='lat' dir='ltr'>in</span> <span class='ocrx_word' id='word_1_247' title='bbox 1926 2552 2114 2605; x_wconf 78' lang='lat' dir='ltr'>Galliis</span> 
     </span>
     <span class='ocr_line' id='line_1_35' title="bbox 254 2622 2112 2693; baseline 0 -19"><span class='ocrx_word' id='word_1_248' title='bbox 254 2622 451 2675; x_wconf 89' lang='lat' dir='ltr'>utiliter</span> <span class='ocrx_word' id='word_1_249' title='bbox 476 2642 697 2692; x_wconf 62' lang='lat' dir='ltr'>reg-nare</span> <span class='ocrx_word' id='word_1_250' title='bbox 725 2624 961 2692; x_wconf 88' lang='lat' dir='ltr'>cupiunt.</span> <span class='ocrx_word' id='word_1_251' title='bbox 1024 2624 1260 2693; x_wconf 86' lang='lat' dir='ltr'>Tempus</span> <span class='ocrx_word' id='word_1_252' title='bbox 1289 2624 1536 2674; x_wconf 83' lang='lat' dir='ltr'>constitui</span> <span class='ocrx_word' id='word_1_253' title='bbox 1561 2622 1759 2688; x_wconf 82' lang='lat' dir='ltr'>volunt,</span> <span class='ocrx_word' id='word_1_254' title='bbox 1800 2640 1903 2691; x_wconf 91' lang='lat' dir='ltr'>quo</span> <span class='ocrx_word' id='word_1_255' title='bbox 1929 2641 2112 2691; x_wconf 83' lang='lat' dir='ltr'>regna-</span> 
     </span>
     <span class='ocr_line' id='line_1_36' title="bbox 254 2692 2113 2763; baseline 0 -19"><span class='ocrx_word' id='word_1_256' title='bbox 254 2703 370 2744; x_wconf 88' lang='lat' dir='ltr'>turo</span> <span class='ocrx_word' id='word_1_257' title='bbox 427 2693 495 2743; x_wconf 88' lang='lat' dir='ltr'>ad</span> <span class='ocrx_word' id='word_1_258' title='bbox 545 2696 661 2763; x_wconf 87' lang='lat' dir='ltr'>ipsa</span> <span class='ocrx_word' id='word_1_259' title='bbox 709 2694 869 2745; x_wconf 84' lang='lat' dir='ltr'>maris</span> <span class='ocrx_word' id='word_1_260' title='bbox 918 2692 1073 2744; x_wconf 86' lang='lat' dir='ltr'>litora</span> <span class='ocrx_word' id='word_1_261' title='bbox 1123 2694 1234 2745; x_wconf 77' lang='lat' dir='ltr'>dux</span> <span class='ocrx_word' id='word_1_262' title='bbox 1286 2712 1403 2744; x_wconf 90' lang='lat' dir='ltr'>cum</span> <span class='ocrx_word' id='word_1_263' title='bbox 1457 2693 1785 2762; x_wconf 87' lang='lat' dir='ltr'>principibus</span> <span class='ocrx_word' id='word_1_264' title='bbox 1836 2695 2113 2744; x_wconf 89' lang='lat' dir='ltr'>occurrat&#39;.</span> 
     </span>
     <span class='ocr_line' id='line_1_37' title="bbox 253 2761 2114 2827; baseline 0 -14"><span class='ocrx_word' id='word_1_265' title='bbox 253 2762 596 2815; x_wconf 77' lang='lat' dir='ltr'>*Adelstanus</span> <span class='ocrx_word' id='word_1_266' title='bbox 651 2783 747 2814; x_wconf 83' lang='lat' dir='ltr'>rex</span> <span class='ocrx_word' id='word_1_267' title='bbox 803 2764 912 2814; x_wconf 90' lang='lat' dir='ltr'>acsi</span> <span class='ocrx_word' id='word_1_268' title='bbox 967 2763 1239 2815; x_wconf 77' lang='lat' dir='ltr'>barbaris³</span> <span class='ocrx_word' id='word_1_269' title='bbox 1297 2781 1403 2814; x_wconf 92' lang='lat' dir='ltr'>non</span> <span class='ocrx_word' id='word_1_270' title='bbox 1458 2763 1581 2814; x_wconf 90' lang='lat' dir='ltr'>satis</span> <span class='ocrx_word' id='word_1_271' title='bbox 1634 2762 1868 2827; x_wconf 88' lang='lat' dir='ltr'>credens,</span> <span class='ocrx_word' id='word_1_272' title='bbox 1920 2761 1986 2812; x_wconf 87' lang='lat' dir='ltr'>ab</span> <span class='ocrx_word' id='word_1_273' title='bbox 2037 2763 2114 2814; x_wconf 91' lang='lat' dir='ltr'>eis</span> 
     </span>
     <span class='ocr_line' id='line_1_38' title="bbox 255 2831 2113 2903; baseline 0 -20"><span class='ocrx_word' id='word_1_274' title='bbox 255 2832 414 2883; x_wconf 87' lang='lat' dir='ltr'>fidem</span> <span class='ocrx_word' id='word_1_275' title='bbox 452 2835 572 2899; x_wconf 90' lang='lat' dir='ltr'>perl</span> <span class='ocrx_word' id='word_1_276' title='bbox 613 2842 938 2884; x_wconf 87' lang='lat' dir='ltr'>sacramenta</span> <span class='ocrx_word' id='word_1_277' title='bbox 977 2852 1134 2901; x_wconf 91' lang='lat' dir='ltr'>super</span> <span class='ocrx_word' id='word_1_278' title='bbox 1169 2833 1269 2884; x_wconf 88' lang='lat' dir='ltr'>hoc</span> <span class='ocrx_word' id='word_1_279' title='bbox 1308 2832 1514 2903; x_wconf 85' lang='lat' dir='ltr'>quaerit</span> <span class='ocrx_word' id='word_1_280' title='bbox 1557 2841 1608 2883; x_wconf 90' lang='lat' dir='ltr'>et</span> <span class='ocrx_word' id='word_1_281' title='bbox 1644 2831 1713 2882; x_wconf 90' lang='lat' dir='ltr'>ad</span> <span class='ocrx_word' id='word_1_282' title='bbox 1749 2840 1931 2883; x_wconf 86' lang='lat' dir='ltr'>votum</span> <span class='ocrx_word' id='word_1_283' title='bbox 1977 2833 2113 2883; x_wconf 89' lang='lat' dir='ltr'>acci-</span> 
     </span>
     <span class='ocr_line' id='line_1_39' title="bbox 254 2900 2114 2972; baseline 0.001 -20"><span class='ocrx_word' id='word_1_284' title='bbox 254 2904 347 2970; x_wconf 91' lang='lat' dir='ltr'>pit.</span> <span class='ocrx_word' id='word_1_285' title='bbox 418 2902 650 2970; x_wconf 89' lang='lat' dir='ltr'>Tempus</span> <span class='ocrx_word' id='word_1_286' title='bbox 691 2920 900 2971; x_wconf 90' lang='lat' dir='ltr'>quoque</span> <span class='ocrx_word' id='word_1_287' title='bbox 940 2902 1189 2972; x_wconf 88' lang='lat' dir='ltr'>colloquii</span> <span class='ocrx_word' id='word_1_288' title='bbox 1225 2902 1457 2954; x_wconf 89' lang='lat' dir='ltr'>habendi</span> <span class='ocrx_word' id='word_1_289' title='bbox 1495 2902 1756 2953; x_wconf 90' lang='lat' dir='ltr'>statuitur.</span> <span class='ocrx_word' id='word_1_290' title='bbox 1819 2900 2008 2969; x_wconf 84' lang='lat' dir='ltr'>Legati</span> <span class='ocrx_word' id='word_1_291' title='bbox 2045 2902 2114 2954; x_wconf 89' lang='lat' dir='ltr'>ab</span> 
     </span>
     <span class='ocr_line' id='line_1_40' title="bbox 254 2970 2114 3040; baseline 0.001 -19"><span class='ocrx_word' id='word_1_292' title='bbox 254 2989 380 3040; x_wconf 83' lang='lat' dir='ltr'>rege</span> <span class='ocrx_word' id='word_1_293' title='bbox 406 2972 666 3022; x_wconf 87' lang='lat' dir='ltr'>munerati</span> <span class='ocrx_word' id='word_1_294' title='bbox 693 2983 849 3040; x_wconf 82' lang='lat' dir='ltr'>atque</span> <span class='ocrx_word' id='word_1_295' title='bbox 877 2973 1114 3040; x_wconf 76' lang='lat' dir='ltr'>digressi,</span> <span class='ocrx_word' id='word_1_296' title='bbox 1140 2975 1196 3023; x_wconf 90' lang='lat' dir='ltr'>in</span> <span class='ocrx_word' id='word_1_297' title='bbox 1223 2971 1424 3023; x_wconf 83' lang='lat' dir='ltr'>Gallias</span> <span class='ocrx_word' id='word_1_298' title='bbox 1450 2971 1582 3021; x_wconf 88' lang='lat' dir='ltr'>mari</span> <span class='ocrx_word' id='word_1_299' title='bbox 1608 2988 1847 3022; x_wconf 89' lang='lat' dir='ltr'>remenso</span> <span class='ocrx_word' id='word_1_300' title='bbox 1874 2970 2114 3037; x_wconf 85' lang='lat' dir='ltr'>redeunt,</span> 
     </span>
    </p>
   </div>
   <div class='ocr_carea' id='block_1_7' title="bbox 357 3105 1717 3218">
    <p class='ocr_par' dir='ltr' id='par_1_7' title="bbox 357 3105 1717 3218">
     <span class='ocr_line' id='line_1_41' title="bbox 379 3105 1717 3157; baseline -0.001 -12"><span class='ocrx_word' id='word_1_301' title='bbox 379 3105 416 3157; x_wconf 69' lang='lat'>⁸)</span> <span class='ocrx_word' id='word_1_302' title='bbox 446 3119 497 3145; x_wconf 84' lang='lat' dir='ltr'>ac</span> <span class='ocrx_word' id='word_1_303' title='bbox 530 3106 805 3147; x_wconf 83' lang='lat' dir='ltr'>Ludovicum</span> <span class='ocrx_word' id='word_1_304' title='bbox 839 3108 1173 3149; x_wconf 86' lang='lat' dir='ltr'>accersiendum</span> <span class='ocrx_word' id='word_1_305' title='bbox 1210 3107 1502 3148; x_wconf 86' lang='lat' dir='ltr'>conclamant.</span> <span class='ocrx_word' id='word_1_306' title='bbox 1538 3105 1641 3146; x_wconf 76' lang='lat' dir='ltr'>add.</span> <span class='ocrx_word' id='word_1_307' title='bbox 1680 3108 1717 3144; x_wconf 93' lang='lat'>1.</span> 
     </span>
     <span class='ocr_line' id='line_1_42' title="bbox 357 3165 770 3218; baseline -0.007 -11"><span class='ocrx_word' id='word_1_308' title='bbox 357 3165 417 3218; x_wconf 78' lang='lat'>‘&#39;*)</span> <span class='ocrx_word' id='word_1_309' title='bbox 451 3168 695 3207; x_wconf 82' lang='lat' dir='ltr'>Bononiam</span> <span class='ocrx_word' id='word_1_310' title='bbox 734 3170 770 3205; x_wconf 87' lang='lat'>1.</span> 
     </span>
    </p>
   </div>
   <div class='ocr_carea' id='block_1_8' title="bbox 254 3285 2115 3428">
    <p class='ocr_par' dir='ltr' id='par_1_8' title="bbox 254 3285 2115 3428">
     <span class='ocr_line' id='line_1_43' title="bbox 354 3285 2114 3329; baseline 0.001 -12"><span class='ocrx_word' id='word_1_311' title='bbox 354 3286 390 3326; x_wconf 82' lang='lat' dir='ltr'>a)</span> <span class='ocrx_word' id='word_1_312' title='bbox 413 3292 496 3326; x_wconf 75' lang='lat' dir='ltr'>post</span> <span class='ocrx_word' id='word_1_313' title='bbox 523 3288 603 3318; x_wconf 78' lang='lat' dir='ltr'>add.</span> <span class='ocrx_word' id='word_1_314' title='bbox 680 3287 718 3327; x_wconf 83' lang='lat' dir='ltr'>b)</span> <span class='ocrx_word' id='word_1_315' title='bbox 749 3289 858 3319; x_wconf 78' lang='lat' dir='ltr'>multi</span> <span class='ocrx_word' id='word_1_316' title='bbox 888 3293 919 3321; x_wconf 83' lang='lat'>1.</span> <span class='ocrx_word' id='word_1_317' title='bbox 1001 3289 1034 3329; x_wconf 86' lang='lat' dir='ltr'>c)</span> <span class='ocrx_word' id='word_1_318' title='bbox 1065 3291 1087 3320; x_wconf 84' lang='lat' dir='ltr'>i.</span> <span class='ocrx_word' id='word_1_319' title='bbox 1108 3299 1135 3321; x_wconf 85' lang='lat' dir='ltr'>e.</span> <span class='ocrx_word' id='word_1_320' title='bbox 1165 3291 1250 3321; x_wconf 85' lang='lat' dir='ltr'>oris.</span> <span class='ocrx_word' id='word_1_321' title='bbox 1352 3288 1388 3328; x_wconf 84' lang='lat' dir='ltr'>d)</span> <span class='ocrx_word' id='word_1_322' title='bbox 1419 3288 1652 3319; x_wconf 85' lang='lat' dir='ltr'>devenerunt</span> <span class='ocrx_word' id='word_1_323' title='bbox 1681 3289 1715 3317; x_wconf 89' lang='lat'>1.</span> <span class='ocrx_word' id='word_1_324' title='bbox 1805 3285 1840 3326; x_wconf 90' lang='lat' dir='ltr'>e)</span> <span class='ocrx_word' id='word_1_325' title='bbox 1869 3287 1951 3318; x_wconf 82' lang='lat' dir='ltr'>Rex</span> <span class='ocrx_word' id='word_1_326' title='bbox 1977 3287 2048 3318; x_wconf 88' lang='lat' dir='ltr'>Ad.</span> <span class='ocrx_word' id='word_1_327' title='bbox 2079 3288 2114 3319; x_wconf 90' lang='lat'>1.</span> 
     </span>
     <span class='ocr_line' id='line_1_44' title="bbox 254 3334 2115 3378; baseline -0.001 -11"><span class='ocrx_word' id='word_1_328' title='bbox 254 3336 283 3376; x_wconf 88' lang='lat' dir='ltr'>f)</span> <span class='ocrx_word' id='word_1_329' title='bbox 313 3337 346 3368; x_wconf 89' lang='lat' dir='ltr'>d.</span> <span class='ocrx_word' id='word_1_330' title='bbox 363 3336 562 3368; x_wconf 84' lang='lat' dir='ltr'>Gallorum</span> <span class='ocrx_word' id='word_1_331' title='bbox 593 3340 623 3367; x_wconf 85' lang='lat'>1.</span> <span class='ocrx_word' id='word_1_332' title='bbox 716 3336 752 3376; x_wconf 80' lang='lat' dir='ltr'>g)</span> <span class='ocrx_word' id='word_1_333' title='bbox 783 3338 831 3377; x_wconf 84' lang='lat' dir='ltr'>io,</span> <span class='ocrx_word' id='word_1_334' title='bbox 862 3347 955 3378; x_wconf 87' lang='lat' dir='ltr'>rum,</span> <span class='ocrx_word' id='word_1_335' title='bbox 985 3348 1111 3377; x_wconf 86' lang='lat' dir='ltr'>anum,</span> <span class='ocrx_word' id='word_1_336' title='bbox 1141 3339 1275 3370; x_wconf 84' lang='lat' dir='ltr'>dovico</span> <span class='ocrx_word' id='word_1_337' title='bbox 1304 3338 1395 3369; x_wconf 84' lang='lat' dir='ltr'>absc.</span> <span class='ocrx_word' id='word_1_338' title='bbox 1473 3334 1510 3374; x_wconf 85' lang='lat' dir='ltr'>h)</span> <span class='ocrx_word' id='word_1_339' title='bbox 1540 3335 1714 3367; x_wconf 84' lang='lat' dir='ltr'>omnibus</span> <span class='ocrx_word' id='word_1_340' title='bbox 1743 3343 1790 3366; x_wconf 85' lang='lat' dir='ltr'>ex</span> <span class='ocrx_word' id='word_1_341' title='bbox 1819 3334 1955 3366; x_wconf 87' lang='lat' dir='ltr'>Galliis</span> <span class='ocrx_word' id='word_1_342' title='bbox 1983 3336 2115 3367; x_wconf 78' lang='lat' dir='ltr'>faven-</span> 
     </span>
     <span class='ocr_line' id='line_1_45' title="bbox 255 3383 1888 3428; baseline -0.001 -13"><span class='ocrx_word' id='word_1_343' title='bbox 255 3385 353 3416; x_wconf 82' lang='lat' dir='ltr'>tibus</span> <span class='ocrx_word' id='word_1_344' title='bbox 381 3385 453 3416; x_wconf 85' lang='lat' dir='ltr'>huc</span> <span class='ocrx_word' id='word_1_345' title='bbox 484 3388 515 3418; x_wconf 91' lang='lat'>1.</span> <span class='ocrx_word' id='word_1_346' title='bbox 619 3384 647 3425; x_wconf 86' lang='lat' dir='ltr'>i)</span> <span class='ocrx_word' id='word_1_347' title='bbox 675 3386 720 3416; x_wconf 88' lang='lat' dir='ltr'>D.</span> <span class='ocrx_word' id='word_1_348' title='bbox 749 3386 796 3417; x_wconf 80' lang='lat' dir='ltr'>M.</span> <span class='ocrx_word' id='word_1_349' title='bbox 826 3396 853 3418; x_wconf 86' lang='lat' dir='ltr'>c.</span> <span class='ocrx_word' id='word_1_350' title='bbox 956 3387 996 3428; x_wconf 84' lang='lat' dir='ltr'>k)</span> <span class='ocrx_word' id='word_1_351' title='bbox 1027 3397 1055 3419; x_wconf 88' lang='lat' dir='ltr'>c.</span> <span class='ocrx_word' id='word_1_352' title='bbox 1083 3387 1266 3419; x_wconf 78' lang='lat' dir='ltr'>Ludovici</span> <span class='ocrx_word' id='word_1_353' title='bbox 1297 3390 1329 3418; x_wconf 90' lang='lat'>1.</span> <span class='ocrx_word' id='word_1_354' title='bbox 1431 3383 1458 3425; x_wconf 89' lang='lat' dir='ltr'>l)</span> <span class='ocrx_word' id='word_1_355' title='bbox 1487 3385 1569 3416; x_wconf 85' lang='lat' dir='ltr'>iure</span> <span class='ocrx_word' id='word_1_356' title='bbox 1597 3384 1826 3416; x_wconf 83' lang='lat' dir='ltr'>sacramenti</span> <span class='ocrx_word' id='word_1_357' title='bbox 1855 3386 1888 3415; x_wconf 90' lang='grc'><strong>1.</strong></span> 
     </span>
    </p>
   </div>
   <div class='ocr_carea' id='block_1_9' title="bbox 257 3491 2112 3606">
    <p class='ocr_par' dir='ltr' id='par_1_9' title="bbox 257 3491 2112 3606">
     <span class='ocr_line' id='line_1_46' title="bbox 382 3491 2112 3548; baseline -0.001 -14"><span class='ocrx_word' id='word_1_358' title='bbox 382 3491 426 3546; x_wconf 82' lang='grc'><strong>1)</strong></span> <span class='ocrx_word' id='word_1_359' title='bbox 461 3494 707 3548; x_wconf 84' lang='lat' dir='ltr'>Boulogne.</span> <span class='ocrx_word' id='word_1_360' title='bbox 835 3494 881 3547; x_wconf 78' lang='lat'>2)</span> <span class='ocrx_word' id='word_1_361' title='bbox 915 3496 1148 3548; x_wconf 81' lang='lat' dir='ltr'>Evervich,</span> <span class='ocrx_word' id='word_1_362' title='bbox 1192 3496 1457 3547; x_wconf 85' lang='lat' dir='ltr'>Eboracum,</span> <span class='ocrx_word' id='word_1_363' title='bbox 1500 3495 1634 3537; x_wconf 88' lang='lat' dir='ltr'>York.</span> <span class='ocrx_word' id='word_1_364' title='bbox 1772 3491 1819 3547; x_wconf 88' lang='lat'>3)</span> <span class='ocrx_word' id='word_1_365' title='bbox 1853 3494 1882 3533; x_wconf 86' lang='lat' dir='ltr'>i.</span> <span class='ocrx_word' id='word_1_366' title='bbox 1912 3506 1949 3533; x_wconf 86' lang='lat' dir='ltr'>e.</span> <span class='ocrx_word' id='word_1_367' title='bbox 1984 3506 2112 3546; x_wconf 81' lang='lat' dir='ltr'>pere·</span> 
     </span>
     <span class='ocr_line' id='line_1_47' title="bbox 257 3555 616 3606; baseline 0.008 -13"><span class='ocrx_word' id='word_1_368' title='bbox 257 3555 406 3606; x_wconf 87' lang='lat' dir='ltr'>grinis‚</span> <span class='ocrx_word' id='word_1_369' title='bbox 443 3556 616 3596; x_wconf 85' lang='lat' dir='ltr'>exteris.</span> 
     </span>
    </p>
   </div>
  </div>
 </body>
</html>
