2240 3879
258 283 313 322 80
690 280 943 322 RICHERI
977 276 1393 320 HISTORIARUM
1425 276 1611 317 LIBER
1644 276 1706 318 II.

162 436 231 468 948
261 423 418 474 etiam
475 419 658 471 sinodo
716 420 888 487 agitur
943 417 1008 469 de
1063 416 1343 487 episcopiS,
1401 414 1492 484 qui
1544 432 1665 465 cum
1721 416 1855 467 duce
1906 414 2113 466 evocati

261 494 404 543 fuere
456 499 506 542 et
557 487 870 541 distulerunt
918 487 1113 553 venire,
1163 485 1227 538 de
1271 485 1334 536 iis
1383 485 1541 536 etiam
1592 485 1681 553 qui
1729 484 2112 536 consecrationi

260 561 502 630 Hugonis
541 559 779 629 episcopi
815 558 920 609 iam
959 556 1192 608 abdicati
1228 553 1404 606 illicite
1454 554 1850 621 interfuerunt1,
1897 552 1984 605 vel
2022 554 2113 623 qui

261 629 328 682 ab
365 632 482 700 ipso
521 629 674 699 pulso
712 627 796 679 vel
832 635 953 696 post
1001 627 1247 679 abdicato
1298 631 1476 675 contra
1523 623 1602 674 fas
1639 623 1959 675 videbantur
1993 640 2114 692 pro-

77 720 167 755 ’τοι
189 721 233 754 29
261 702 405 752 moti.
478 700 815 752 Damnantur
853 698 1089 764 *itaquea
1128 696 1230 746 duo
1269 693 1711 763 pseudoepiscopi
1749 692 1815 744 ab
1849 693 2113 762 Hugoneb

264 770 503 835 ordinati,
554 766 842 819 Tetbaldus
892 766 1090 817 scilicet
1138 773 1189 817 et
1239 765 1349 830 Ivo,
1413 781 1638 833 quorum
1690 763 1835 831 prior
1882 781 1914 813 a
1961 761 2113 830 pulso

264 849 495 892 sacratus
535 846 611 889 est
649 836 1090 888 Ambianensium
1128 835 1427 903 episcopus,
1466 831 1597 884 alter
1620 850 1745 884 vero
1772 831 1839 883 ab
1867 831 2114 884 abdicato

265 909 635 962 Silletensium.
707 907 1003 958 Damnatus
1031 913 1082 956 et
1105 903 1411 956 Adelelmus
1436 901 1804 954 Laudunensis
1830 901 2117 953 aecclesiae

266 979 532 1043 diaconus,
595 996 625 1028 a
680 975 905 1027 Rodulfo
963 993 1056 1026 suo
1113 975 1400 1044 episcopoc
1455 971 1804 1038 insimulatUS,
1861 989 1921 1023 eo
1974 969 2118 1040 quod

265 1049 309 1100 T
315 1047 581 1101 etbaldum
619 1046 1133 1097 excommunicatum
1172 1045 1226 1094 in
1263 1042 1574 1095 aecclesiam
1612 1041 1921 1094 temerarius
1957 1041 2118 1092 intro·

266 1118 490 1171 duxerit.
566 1117 639 1168 Hi
678 1116 816 1167 enim
842 1115 897 1165 in
923 1116 1183 1166 anteriore
1210 1114 1394 1165 sinodo
1423 1131 1542 1164 cum
1569 1112 1702 1164 duce
1728 1113 1834 1163 iam
1862 1111 2118 1177 evocatid‚

268 1188 567 1241 satisfacere
614 1184 1077 1254 contempnebant.
1156 1184 1391 1235 Vocatur
1438 1201 1563 1235 vero
1611 1181 1952 1250 Hildegarius
1999 1178 2119 1232 Bel-

267 1259 573 1311 vacensium
611 1256 892 1325 episcopus
932 1254 1112 1306 domni
1137 1254 1331 1305 Marini
1366 1261 1417 1304 et
1443 1255 1814 1323 episcoporum
1840 1250 2119 1318 legatione,

268 1338 324 1380 ut
362 1336 450 1380 aut
489 1326 557 1378 ad
594 1344 682 1377 eos
719 1326 909 1390 veniat,
948 1333 1037 1376 aut
1070 1323 1248 1376 sedem
1275 1323 1621 1392 apostolicam
1646 1340 1742 1391 pro
1770 1339 1863 1372 suo
1889 1320 2120 1372 facinore

267 1399 670 1450 ratiocinaturus
720 1402 879 1464 petat,
938 1412 997 1445 eo
1056 1393 1199 1463 quod
1253 1393 1544 1445 interfuerit
1596 1391 1911 1444 ordinationi
1961 1407 2122 1459 supra

269 1469 372 1519 iam
426 1466 687 1518 dictorum
736 1463 1333 1534 pseudoepiscoporum.
1417 1463 1653 1514 Vocatur
1701 1470 1752 1513 et
1788 1458 2120 1526 Heribertus,

269 1535 537 1588 Heriberti
574 1537 767 1586 tiranni
803 1533 956 1600 filius,
997 1533 1062 1584 ob
1101 1533 1239 1584 mala
1276 1550 1410 1601 quae
1447 1530 1716 1583 aecclesiis
1742 1528 1827 1581 vel
1856 1529 2121 1599 episcopis

268 1606 568 1657 immaniter
627 1602 900 1655 inferebat.
992 1602 1154 1654 Wido
1210 1620 1335 1653 vero
1395 1601 1766 1653 Suessionicus
1822 1601 2122 1670 episcopm,

267 1694 388 1727 cum
425 1693 454 1726 a
493 1673 732 1744 plurimis
769 1672 1104 1737 laceraretur,
1152 1690 1212 1723 eo
1265 1671 1405 1741 quod
1456 1672 1568 1740 ipse
1604 1670 1977 1722 Heribertume
2016 1669 2123 1736 epi-

270 1764 485 1814 scopum
539 1751 810 1808 sacrasset,
859 1744 914 1792 in
966 1742 1151 1793 sinodo
1200 1759 1351 1792 reum
1402 1759 1515 1793 sese
1566 1740 1821 1793 confitens
1872 1747 1924 1791 et
1958 1737 2126 1790 multa

270 1815 556 1885 penitentia
604 1821 808 1865 reatum
856 1811 1153 1882 deplorans,
1200 1810 1647 1864 intercedentibus
1698 1809 1842 1880 apud
1879 1808 2126 1860 sinodum

269 1884 489 1937 Artoldo
517 1892 674 1954 atque
700 1881 955 1934 Rotberto
982 1881 1415 1950 archiepiscopis,
1455 1879 1658 1933 absolvi
1684 1880 1751 1932 ab
1780 1881 1854 1933 eis
1881 1878 2124 1930 obtinuit.

273 1955 560 2007 Wicfridus
614 1970 821 2021 quoque
876 1952 1193 2003 Morinensis
1244 1953 1550 2021 episcopUS,
1603 1951 1694 2020 qui
1746 1950 2127 2001 criminabatur
2172 2009 2176 2013 ὁ

272 2024 584 2089 interfuisse,
622 2023 869 2073 immunis
908 2040 939 2073 a
977 2023 1195 2072 crimine
1233 2021 1509 2090 reperitur.
1582 2021 1751 2072 Affuit
1780 2037 1905 2071 vero
1933 2019 2126 2070 Trans-

272 2095 401 2145 mari
438 2092 810 2144 Noviomensis
848 2092 1088 2161 episcopi
1125 2091 1330 2159 legatus
1371 2090 1657 2143 Silvester2
1696 2091 1974 2159 presbiter,
2013 2090 2124 2158 epi-

274 2182 490 2232 scopum
540 2181 695 2214 suum
741 2169 885 2212 tanta
931 2163 986 2212 vi
1028 2160 1255 2212 febrium
1306 2160 1574 2212 detentum
1629 2177 1890 2225 asserens,
1945 2166 2004 2210 ut
2058 2155 2127 2208 ad

276 2233 518 2285 sinodum
557 2232 735 2284 venire
773 2232 1084 2301 nequiverit,
1126 2230 1267 2300 quod
1319 2231 1478 2282 etiam
1524 2230 1579 2280 in
1629 2236 1917 2298 conspectu
1954 2226 2127 2279 sinodi

273 2303 494 2356 testibus
532 2301 863 2371 approbavit.
938 2301 1065 2352 Post
1101 2299 1263 2351 haecf
1305 2300 1541 2370 episcopi
1588 2300 1643 2350 in
1681 2316 1778 2350 sua
1815 2297 2127 2350 referuntur.

275 2375 516 2424 Domnus
554 2389 677 2423 vero
715 2371 967 2436 MarinUS,
1006 2370 1073 2421 ab
1114 2370 1308 2421 Ottone
1352 2387 1476 2438 rege
1525 2388 1622 2438 per
1657 2368 1856 2438 legatos
1894 2375 2128 2435 rogatUS,

277 2446 330 2495 in
392 2450 568 2511 partes
626 2440 945 2492 Germaniae
997 2439 1194 2491 secedit
1246 2439 1427 2509 ibique
1482 2437 1791 2490 aecclesiam
1844 2436 2130 2489 Vuldensis

277 2512 577 2563 monasterii
628 2509 849 2576 dedicat,
904 2518 986 2561 etg
1022 2509 1196 2561 hieme
1233 2518 1436 2575 exacta,
1476 2509 1700 2560 Romam
1754 2506 1904 2560 redit.
1990 2506 2130 2558 Hish

280 2581 530 2650 expletis,
593 2579 851 2631 Rodulfus
897 2579 1268 2631 Laudunensis
1320 2580 1600 2649 episcopus
1655 2577 1841 2630 ultimo
1893 2594 1983 2629 cor
2025 2577 2131 2628 oris

280 2653 457 2703 dolore
496 2651 778 2715 confectuS,
828 2650 946 2701 haci
984 2650 1093 2701 vita.
1143 2648 1366 2701 decedit.
1443 2647 1692 2701 Succedit
1726 2648 1774 2699 ei
1809 2664 1934 2699 vero
1972 2595 2133 2699 iiiiater

280 2724 415 2792 regis
455 2740 521 2773 cx
560 2719 857 2772 concubina
895 2720 1104 2785 Rorico,
1147 2720 1289 2770 omni
1327 2737 1504 2770 rerum
1544 2718 1763 2770 scientia
1798 2716 2024 2769 inclitus.

533 2828 613 2879 83.
671 2827 787 2879 Rex
825 2827 1063 2879 cohortes
1101 2827 1401 2878 Mosomum
1438 2826 1596 2877 mittit
1633 2831 1684 2876 et
1721 2823 1876 2892 capit.

419 2913 711 2963 Inte1·ea¹<·³
752 2913 990 2963 exercitu
1027 2930 1095 2962 ex
1134 2912 1275 2963 omni
1312 2910 1532 2979 Belgica
1557 2910 1689 2961 duce
1719 2907 1964 2960 Conrado
1991 2905 2135 2976 apud

282 3000 458 3050 regem
509 2979 740 3046 collecto,
788 2990 891 3033 tres
932 2980 1168 3032 cohortes
1219 2982 1372 3050 rege¹
1418 2979 1632 3031 iubente
1678 2978 1982 3030 Mosomum
2019 2977 2136 3027 mit-

285 3059 475 3102 tuntur.
571 3050 915 3119 Compei-erat
969 3051 1162 3102 etenim
1226 3051 1511 3119 Hugonem
1575 3048 1880 3101 abdicatum
1935 3045 2136 3098 ibidem

283 3120 561 3184 reclusum,
588 3119 855 3189 multaque
882 3122 956 3172 rei
982 3119 1223 3172 militaris
1250 3121 1433 3190 inopia
1460 3137 1580 3172 eum
1603 3117 1803 3170 haberi.
1879 3116 2136 3170 Cohortes

383 3239 418 3280 a)
447 3240 518 3271 alio
542 3240 656 3279 persy&
684 3244 882 3271 atramento
911 3245 939 3271 et
967 3241 1040 3271 alia
1068 3245 1107 3272 ut
1134 3241 1271 3272 videtur
1298 3249 1408 3272 manu
1437 3237 1667 3282 (auctorisZ').
1779 3237 1817 3279 b)
1847 3238 1957 3278 pulso
1983 3236 2046 3268 vel
2073 3235 2135 3268 ab·

286 3290 408 3320 dicato
451 3289 534 3319 (⁷.ch.
579 3290 611 3319 1.
741 3289 773 3328 c)
812 3290 912 3329 apud
951 3290 1128 3321 sinodum
1169 3291 1249 3322 add.
1292 3293 1327 3322 1.
1454 3288 1490 3329 d)
1533 3298 1566 3321 e.
1605 3288 1757 3319 fuerant
1798 3289 1831 3320 1.
1959 3284 1994 3326 e)
2034 3284 2080 3316 H.
2106 3293 2137 3316 c.

288 3338 316 3378 f)
346 3339 468 3377 Atque
497 3338 551 3369 his
581 3339 696 3375 gostis
727 3339 756 3368 1.
885 3338 921 3378 g)
953 3341 989 3371 et
1017 3340 1198 3378 posthaec
1227 3341 1257 3370 1.
1382 3336 1421 3377 h)
1450 3338 1599 3369 Interea
1628 3336 1670 3368 R.
1703 3338 1735 3367 1.
1869 3333 1896 3374 i)
1927 3335 1973 3366 ab
2001 3334 2073 3366 hac
2102 3335 2136 3365 1.

286 3387 324 3425 k)
355 3387 499 3424 Quibus
530 3388 647 3426 gestis
674 3387 864 3419 exercitus
895 3404 936 3410 —-
967 3388 1114 3427 colligit
1143 3390 1174 3418 1.
1278 3388 1305 3428 l)
1336 3396 1369 3419 a.
1399 3396 1428 3420 r.
1461 3389 1490 3419 1.

413 3466 457 3519 1)
491 3464 566 3519 qui
600 3464 869 3507 ordinationi
891 3465 1093 3520 Huyom's
1118 3464 1362 3519 participes
1396 3465 1630 3508 extiterunt
1658 3464 1789 3505 Flod.
1886 3462 1934 3516 2)
1967 3463 2138 3503 Nomen

289 3526 474 3626 addiditd
496 3527 725 3567 Richerus.
879 3525 924 3578 3)
974 3529 1100 3568 Haec
1135 3542 1204 3582 ap.
1238 3527 1538 3569 Flodoardum
1572 3525 1788 3579 synodum
1820 3525 2138 3565 Treverensem

290 3593 443 3628 antece
481 3593 569 3628 unt.
