2240 3879
494 202 748 244 RICHERI
781 203 1196 244 HISTORIARUM
1229 203 1410 244 LIBER
1444 204 1502 244 11.
1876 205 1931 244 75

217 343 297 394 72.
352 341 678 409 Responsioa
715 341 941 391 Marinia
980 340 1283 390 Romanaea
1321 339 1495 389 501115Ξι
1533 340 1805 408 legatia-b.

225 424 311 476 Ad
347 423 476 475 haec
514 423 737 475 domnus
774 425 1025 488 Marinus,
1058 431 1270 473 sanctae
1308 422 1577 475 Romanae
1616 424 1752 475 sedis
1791 427 1928 477 vica-

89 496 223 544 rius:
279 492 543 561 ‘Optime³,
593 494 777 562 inquit,
828 498 998 561 ‘atque
1036 490 1229 542 utiliter
1273 490 1433 542 frater
1481 510 1543 543 30
1580 495 1927 562 coepiscopus

90 561 370 614 Rotbertus
408 581 582 613 rerum
629 563 817 613 seriem
865 562 1045 612 tenuit.
1124 560 1336 611 Etenim
1386 578 1505 611 cum
1543 561 1747 612 divinas
1784 562 1928 630 leges

89 631 329 682 humanis
389 631 755 700 preponendas
814 631 926 698 ipse
993 637 1299 697 pernoscat,
1363 630 1693 682 considerata
1752 639 1928 684 tamen

88 718 260 751 rerum
314 701 536 767 fortuna,
592 701 802 769 regiae⁰
856 699 1226 749 dominationis
1285 699 1566 767 imperium
1620 708 1739 751 ante
1794 700 1929 752 dixit

87 769 503 835 restaurandum,
541 777 611 836 ut,
642 770 752 819 eius
776 769 958 835 vigore
984 767 1206 830 firmato,
1233 768 1448 837 eiusque
1475 771 1710 836 potentia
1734 769 1929 820 utiliter

87 840 339 905 restituta,
380 840 490 890 eius
527 845 646 907 post
680 836 990 887 liberalitate
1027 836 1364 889 ecclesiarum
1400 838 1504 888 Dei
1547 837 1714 890 honor
1750 856 1928 890 conse-

90 916 306 976 quenter
344 912 645 972 *recrescat3
685 907 794 956 eius
832 907 1124 973 patrocinio
1162 914 1364 974 agente,
1419 908 1587 958 virtus
1623 909 1775 960 bonis
1814 909 1926 977 qui-

87 975 290 1046 busque
316 977 510 1029 redeat.
585 974 740 1040 Quod
766 982 822 1025 ut
846 975 963 1026 Deo
991 984 1251 1027 annuente
1289 976 1402 1027 fieri
1441 987 1611 1044 queat,
1652 978 1929 1046 inprimisd

88 1046 347 1098 audienda
384 1054 540 1114 atque
579 1045 934 1096 strenuissime
961 1044 1291 1113 disponenda
1315 1044 1524 1096 videtur
1562 1064 1719 1097 031153
1748 1046 1929 1098 domni

88 1132 151 1166 ae
206 1115 525 1166 serenissimi
572 1116 736 1182 regis,
782 1115 826 1163 si
878 1113 932 1164 id
988 1131 1197 1183 quoque
1245 1116 1408 1165 vestri
1456 1114 1637 1165 iudicii
1689 1117 1928 1184 paciatur

88 1186 334 1236 censura'.
408 1183 654 1251 Synodus
692 1182 850 1233 dixit:
889 1182 1196 1234 ‘Audiatur'.

131 1284 209 1335 73.
267 1281 619 1351 Conquestioe
657 1281 946 1333 Ludovicie
985 1284 1159 1351 regise
1199 1282 1341 1351 apud
1381 1282 1629 1334 Ottonem
1666 1293 1881 1351 regeme

706 1359 757 1402 et
793 1351 1067 1402 sinodume
1105 1354 1300 1421 regnie.

224 1436 375 1486 Tunc
415 1454 511 1486 rex
555 1435 857 1487 Ludovicus
907 1435 1002 1487 abf
1045 1435 1254 1488 Ottonis
1305 1438 1443 1506 regis
1485 1437 1645 1488 latere
1692 1455 1926 1506 surgens,

87 1504 270 1558 stando
310 1505 559 1574 conqueri
583 1504 966 1556 modestissime
992 1506 1219 1573 petebat.
1275 1507 1348 1558 At
1383 1515 1597 1575 rogatus
1625 1506 1691 1558 ab
1726 1505 1927 1572 sinodO,

86 1574 387 1626 huiusmodi
421 1574 655 1625 residens
694 1574 875 1625 effudit
921 1574 1246 1643 querelam1:
1319 1575 1577 1641 ‘Quanto',
1634 1576 1874 1644 inquiens
1888 1585 1926 1640 g,

88 1644 346 1712 ‘Hugonis
390 1644 643 1695 instinctu
690 1652 989 1713 quantoque
1028 1645 1138 1695 eius
1187 1643 1418 1713 impulsu
1464 1646 1713 1714 conqueri
1751 1662 1928 1712 cogor,

86 1715 231 1765 testis
270 1721 347 1764 est
382 1712 483 1779 ille,
531 1714 678 1763 cuius
727 1713 896 1780 gratia
939 1731 1034 1764 vos
1082 1713 1167 1763 1110
1215 1723 1561 1782 congregatos
1614 1713 1771 1782 paulo
1809 1721 1929 1764 ante

85 1781 307 1834 relatum
345 1791 436 1834 est.
510 1783 667 1833 Pater
703 1784 832 1846 eius,
871 1789 928 1833 ut
964 1802 993 1833 a
1031 1783 1291 1851 principio
1330 1783 1589 1848 exordiar,
1637 1785 1772 1851 patri
1809 1800 1928 1834 meo

85 1870 308 1920 regnum
344 1851 597 1916 invidens,
639 1851 763 1901 dum
802 1852 849 1901 ei
886 1850 1029 1902 domi
1054 1851 1374 1921 militiaeque
1401 1853 1671 1903 servitium
1699 1851 1928 1919 deberet,

85 1938 246 1989 regno
305 1919 451 1971 illum
505 1920 804 1971 immaniter
857 1921 1084 1989 privavit
1139 1922 1221 1972 eth
1277 1939 1443 1990 usque
1498 1921 1565 1971 ad
1619 1922 1757 1972 vitae
1815 1922 1927 1972 eius

87 1991 367 2059 supremah
405 1989 665 2058 ergastulo
682 1990 703 2022 ¹¹
740 1988 1001 2040 inclusum
1012 1991 1033 2022 ¹¹
1073 1991 1301 2041 servavit
1316 1991 1354 2040 ¹¹.
1420 1990 1507 2041 Me
1543 2008 1667 2041 vero
1700 2008 1927 2058 parvum

85 2059 142 2109 in
164 2057 412 2110 fasciculo
438 2059 715 2127 farraginis
743 2068 812 2109 ag
836 2059 965 2110 meis
987 2068 1009 2102 g
1034 2059 1437 2123 dissimulatum,
1476 2061 1531 2110 in
1556 2067 1732 2128 partes
1760 2067 1924 2110 trans-

86 2129 313 2179 marinas
352 2137 403 2179 et
439 2145 603 2196 prope
640 2129 694 2178 in
729 2127 907 2179 Rifeos
944 2128 1152 2196 fugerei
1205 2128 1473 2198 compulit.
1559 2130 1714 2180 Patre
1752 2136 1928 2180 autem

87 2198 357 2248 0111111101ῑοΙὶ
384 2205 434 2249 et
460 2216 542 2248 me
569 2199 623 2247 in
652 2196 868 2248 exilium
894 2196 1185 2266 deportato,
1212 2200 1325 2264 iste,
1360 2216 1478 2248 cum
1505 2199 1929 2249 reminisceretur

87 2267 168 2317 sui
203 2268 383 2335 patris,
431 2267 497 2318 ob
536 2265 868 2318 insolentiam
915 2267 1188 2333 interfecti,
1238 2268 1387 2336 regni
1432 2286 1612 2319 curam
1662 2268 1928 2335 suscipere

1946 354 2029 391 948.

1948 918 2008 961 ·p.
2027 920 2110 953 604.

85 2335 414 2387 formidabat.
486 2335 683 2386 Nobisl
732 2337 908 2405 itaque
958 2336 1228 2402 invidens,
1266 2335 1600 2388 Rodulfumm
1649 2337 1927 2417 promovit.
1977 2365 1984 2370 ·

89 2404 195 2456 Sed
220 2405 483 2456 Divinitas
519 2422 602 2455 res
627 2403 764 2455 illius
792 2407 926 2456 sicut
951 2413 1001 2456 et
1026 2413 1199 2456 cetera
1225 2406 1595 2470 determinans,
1637 2426 1683 2457 e1
1717 2404 1927 2474 quando

85 2472 251 2525 voluit
301 2474 459 2525 finem
508 2473 767 2542 regnandi
812 2474 970 2525 dedit.
1057 2474 1203 2524 Dum
1250 2476 1375 2526 item
1424 2493 1645 2543 regnum
1700 2482 1926 2539 vacaret,

87 2543 299 2594 consilio
336 2543 597 2594 bonorum
637 2561 720 2594 me
766 2562 797 2594 a.
832 2542 1071 2611 partibus
1117 2545 1407 2612 peregrinis
1445 2543 1745 2595 exulantem
1782 2560 1929 2594 revo-

87 2614 223 2664 cavit
259 2630 320 2663 ac
357 2613 590 2663 omnium
629 2612 927 2663 conibentia
962 2613 1018 2662 in
1053 2631 1273 2681 regnum
1311 2614 1590 2681 promovit,
1629 2611 1757 2663 nihil
1800 2612 1929 2663 mihi

85 2690 257 2749 preter
280 2681 596 2733 Laudunum
621 2679 934 2750 relinquens,
979 2682 1361 2751 Promotusque
1389 2700 1508 2731 011111
1548 2700 1609 2733 03
1637 2699 1769 2751 quae
1795 2682 1929 2750 regii

84 2751 210 2802 iuris
269 2750 585 2802 videbantur
643 2761 878 2818 repetere
942 2751 1150 2816 niterer,
1211 2751 1266 2801 id
1326 2751 1651 2803 invidissime
1711 2750 1927 2802 ferebat.

84 2818 278 2871 Factus
317 2838 439 2889 ergo
477 2819 697 2871 latenter
734 2819 1083 2885 adversarius,
1130 2821 1344 2886 31111005,
1384 2821 1428 2871 51
1466 2839 1597 2890 quos
1647 2819 1926 2886 habebam,

84 2890 321 2955 pecuniis
360 2889 711 2954 subvertebat,
758 2889 1001 2940 inimicos
1050 2890 1106 2939 in
1157 2888 1334 2940 odium
1382 2888 1608 2958 amplius
1656 2889 1925 2941 incitabat.

85 2957 339 3024 Tandem,
377 2966 596 3026 urgente
633 2957 847 3023 invidia,
887 2956 1030 3026 apud
1066 2959 1262 3026 piratas
1315 2959 1437 3026 egit,
1483 2968 1541 3011 ut
1588 2958 1655 3010 ab
1694 2960 1769 3010 eis
1806 2957 1927 3010 dolo

86 3044 323 3095 eaperer3
368 3046 592 3096 regnum
639 3029 695 3077 in
745 3045 799 3079 50
836 3044 990 3094 posse
1038 3026 1245 3078 refundi
1288 3028 1563 3094 arbitranS,
1616 3029 1659 3079 si
1708 3027 1763 3078 id
1812 3027 1927 3078 fieri

86 3096 405 3164 contigisset.
495 3096 606 3147 Nee
642 3095 806 3147 defuit
841 3096 1045 3147 insidiis
1083 3096 1313 3149 effectus.
1400 3095 1600 3166 Captus
1638 3097 1713 3148 fui
1753 3113 1926 3148 carce-

183 3200 219 3241 a)
260 3202 409 3241 ponsio,
450 3201 503 3242 ni,
545 3200 614 3240 Ro,
653 3201 766 3239 sediS,
805 3201 833 3231 ti
871 3200 962 3231 absc.
1090 3198 1127 3238 b)
1166 3201 1300 3232 vicarii
1342 3202 1374 3232 1.
1501 3200 1534 3240 c)
1564 3207 1650 3240 reg«,²
1676 3209 1768 3231 corr.
1811 3199 1929 3243 regie.

87 3247 124 3288 d)
152 3252 236 3280 ratu
255 3249 301 3291 (2³)
331 3251 368 3281 di
394 3250 543 3280 scribere
570 3253 737 3288 coeptum.
828 3247 862 3288 e)
880 3249 987 3288 estio,
1004 3249 1049 3288 ci,
1066 3249 1178 3289 regis,
1194 3258 1280 3288 gem
1298 3253 1345 3289 et,
1366 3250 1548 3290 m‚iabsc.
1639 3248 1666 3288 f)
1696 3257 1717 3279 a
1738 3249 1766 3280 1.
1783 3247 1825 3281 Ο.
1847 3257 1874 3278 r.
1895 3251 1926 3279 l.

87 3295 124 3336 g)
147 3302 229 3336 post
255 3299 335 3329 add.
461 3296 500 3338 h)
538 3300 575 3329 et
604 3315 645 3321 —
673 3297 837 3328 servavit
862 3297 901 3327 in
927 3306 1049 3336 mar-9„
1078 3305 1150 3337 ma,
1179 3306 1199 3328 o
1228 3298 1344 3337 inelu,
1370 3299 1472 3329 vavit
1500 3298 1591 3329 absc.
1717 3294 1744 3336 i)
1774 3297 1863 3335 suge
1894 3298 1927 3328 1.

87 3344 128 3385 k)
157 3349 266 3385 capto
295 3348 325 3377 1.
426 3346 454 3387 1)
483 3346 546 3378 del.
575 3350 710 3384 etpost
736 3346 948 3377 restitufzcm.
1049 3344 1099 3385 m)
1130 3346 1247 3377 alium
1279 3348 1311 3377 l.

212 3422 257 3473 1)
303 3423 369 3463 Cf.
411 3423 648 3464 Flodoard.
690 3437 730 3465 a.
770 3423 872 3474 948,
914 3437 957 3477 p.
993 3423 1094 3466 396.
1178 3424 1339 3478 Aperte
1380 3424 1491 3466 falsa
1535 3437 1560 3464 a
1597 3423 1787 3464 Richero
1831 3423 1927 3476 regi

88 3480 387 3527 obtruduntur.
