2240 3879
184 586 253 617 949
260 611 268 620 .

92 2750 105 2761 ·
121 2751 186 2783 fol.
214 2749 270 2782 30.

283 291 341 332 82
705 284 957 328 RICHERI
988 282 1408 326 HISTORIARUM
1439 281 1623 324 LIBER
1653 284 1716 325 ΙΙ.

285 427 387 480 560
440 426 576 478 intra
623 424 907 477 aecclesias
957 421 1290 475 succendisse
1333 420 1557 473 traditur
1570 432 1606 473 1.
1688 422 1760 473 Et
1807 423 1881 474 sic
1930 422 1999 473 ad
2035 441 2138 476 sua

284 497 518 550 refertur.

428 567 510 618 86.
547 565 665 616 Rex
689 581 813 615 vero
838 562 1140 614 Ludovicus
1167 560 1496 629 Gerbergam
1515 561 1754 628 reginam
1772 561 1839 613 ad
1861 561 2136 629 Ottonem,

286 637 501 689 fratrem
538 653 706 701 suum,
746 633 939 702 dirigit,
977 633 1065 684 ut*
1104 629 1205 682 sibi
1243 631 1422 699 copias
1447 630 1719 682 acceleret.
1773 631 2138 684 Proficiscitur

285 708 464 776 itaque
500 704 808 755 imminente
846 701 1231 770 sollempnitate
1256 698 1457 769 pascali
1492 708 1543 751 et
1577 699 1903 770 Aquisgrani
1932 699 2130 771 palatio

287 785 527 830 sanctum
576 772 773 843 pascha
823 790 942 823 cum
980 771 1139 822 fratre
1189 770 1417 823 Ottone³
1467 768 1711 822 celebrat.
1796 769 2139 823 Conveniunt

286 866 355 899 ex
382 845 669 898 Germania
692 843 960 911 principes
985 839 1237 892 nonnulli.
1294 838 1506 891 Adsunt
1539 858 1607 890 ex
1631 838 1851 907 Belgica
1879 841 2130 892 universi.

285 917 399 969 Nec
457 914 647 966 desunt
698 911 857 981 legati
913 910 1228 977 Grecorum,
1283 908 1557 976 Italorum,
1619 908 1914 979 Anglorum
1973 917 2136 980 atque

285 986 505 1038 aliorum
542 981 800 1052 plurimae
835 980 1124 1049 legationes
1162 978 1493 1049 populorum.
1578 979 1782 1048 Regina
1830 997 1971 1048 erg0,
2011 997 2134 1031 cum

284 1056 442 1107 fratre
481 1051 698 1106 consilio
736 1049 916 1102 habito
956 1060 1006 1103 et
1043 1058 1264 1119 accepta
1300 1049 1366 1102 ab
1405 1067 1465 1101 eo
1503 1048 1689 1101 auxilii
1736 1048 2133 1120 pollicitatione,

287 1142 471 1178 secura
505 1122 574 1174 ad
609 1139 790 1190 regem
827 1119 1161 1172 Ludovicum
1197 1118 1347 1171 redit.

426 1194 508 1247 87.
563 1192 903 1243 Ludovicus2
952 1208 1075 1242 vero
1123 1190 1178 1240 in
1221 1190 1486 1240 tirannum
1532 1191 1710 1256 iratUS,
1759 1190 1922 1241 nimio
1968 1189 2133 1240 animi

284 1265 489 1318 fervore
516 1261 724 1315 Ottonis
750 1259 1006 1311 auxilium
1032 1259 1308 1329 prevenire
1333 1258 1704 1312 meditabatur.
1759 1258 2139 1311 Arbitrabatur

286 1336 501 1399 etenim,
551 1331 798 1401 quoniam
852 1331 907 1380 in
955 1328 1116 1398 longa
1169 1329 1430 1385 exercitus
1492 1331 1888 1399 exspectatione
1940 1329 2137 1380 iniuria

285 1403 450 1457 inulta
485 1403 767 1454 videretur.
843 1399 1059 1451 Confert
1095 1399 1274 1468 itaque
1313 1416 1432 1449 cum
1459 1408 1606 1468 patre
1645 1400 1797 1451 meob
1837 1398 2135 1463 consilium,

286 1494 347 1528 eo
387 1472 528 1543 quod
566 1472 676 1522 eius
715 1477 851 1522 esset
875 1468 1040 1535 miles,
1081 1468 1310 1519 consiliis
1339 1468 1660 1535 commodus,
1698 1468 1946 1520 facundia
1975 1467 2136 1519 simul

287 1552 338 1597 et
374 1542 588 1596 audatia
625 1539 901 1609 plurimus.
972 1538 1129 1590 Unde
1165 1546 1216 1589 et
1247 1557 1343 1589 rex
1369 1537 1655 1589 admodum
1681 1539 1729 1590 ei
1755 1537 2135 1591 consuescebat

286 1623 337 1667 et
390 1611 534 1681 apud
581 1628 700 1662 eum
751 1609 1025 1677 sepissime
1075 1607 1418 1659 consultabat.
1506 1608 1761 1661 Dictabat
1811 1625 1935 1677 ergo
1981 1615 2138 1676 pater

284 1683 465 1735 meusb
487 1679 648 1750 ‘apud
683 1696 860 1747 regem
890 1686 941 1729 et
970 1695 1169 1746 paucos
1197 1679 1289 1747 qui
1312 1678 1597 1730 intererant
1623 1677 1861 1730 ordinem
1886 1677 2133 1747 capiendi

284 1752 603 1806 Laudunum
639 1750 727 1801 ita.
807 1749 1046 1800 Primum
1092 1766 1204 1799 sese
1254 1746 1653 1799 observaturum
1704 1748 2135 1818 oportunitatem,

286 1825 475 1888 aiebat,
515 1829 566 1873 et
603 1838 670 1871 an
705 1817 809 1870 loci
844 1816 1098 1870 habitudo
1145 1816 1201 1867 id
1236 1816 1409 1883 ferret,
1455 1836 1523 1868 an
1571 1820 1730 1870 etiam
1769 1818 1911 1870 cives
1948 1818 2004 1868 in
2042 1817 2134 1869 ob-

289 1893 581 1946 servatione
618 1890 764 1940 urbis
803 1887 1092 1939 cautissimi
1139 1885 1470 1953 haberentur,
1517 1887 1915 1957 diligentissime
1953 1886 2136 1957 explo-

287 1972 525 2016 raturum
564 1977 676 2011 sese
715 1957 1059 2009 memorabat.
1114 1956 1324 2008 Deinde
1351 1956 1575 2024 dicebat,
1603 1958 1888 2010 efficaciter
1913 1976 1968 2009 se
1997 1956 2133 2009 adeo

290 2033 648 2085 ordinaturum
704 2028 879 2080 omnia
931 2035 982 2078 et
1027 2027 1101 2078 sic
1140 2026 1208 2078 ad
1255 2027 1499 2079 effectum
1547 2027 1742 2080 utiliter
1776 2028 2134 2094 reducturum,

289 2112 347 2155 ut
381 2100 509 2153 nulli
545 2107 665 2169 post
702 2116 814 2149 sese
854 2097 1137 2167 quicquam
1184 2098 1396 2164 negotio
1441 2097 1730 2167 inperfecto
1779 2096 2134 2169 supplendum

286 2172 681 2240 relinqueretiun

429 2241 510 2293 88.
571 2239 717 2306 Rege
779 2254 903 2306 ergo
964 2254 1060 2305 per
1114 2234 1224 2287 dies
1286 2235 1485 2306 aliquot
1544 2237 1756 2287 RemisC
1811 2236 2135 2303 demorante,

289 2309 565 2382 Ro[dulfus
578 2309 619 2378 d]
658 2340 726 2347 —
763 2308 837 2358 sic
874 2307 1024 2386 enim·
1052 2314 1202 2375 pater
1237 2307 1420 2357 meusb
1459 2306 1731 2358 dicebatur
1756 2340 1821 2346 --
1849 2305 2139 2358 commodi-

289 2391 449 2435 tatem
520 2376 766 2449 patrandi
831 2377 1028 2445 negotii
1087 2393 1182 2444 per
1242 2393 1365 2427 suos
1426 2375 1753 2445 explorabat.
1848 2376 2027 2427 Missis
2067 2394 2136 2427 116

291 2448 726 2520 exploratoribus,
767 2447 1023 2515 comperit
1059 2463 1316 2514 agasones
1364 2446 1559 2497 civium
1607 2465 1702 2515 per
1748 2445 1859 2497 dies
1898 2447 2015 2515 sing
2075 2463 2136 2497 os

291 2523 435 2574 exire
484 2519 550 2570 ab
596 2517 725 2568 urbe
770 2524 1006 2586 tempore
1054 2516 1355 2584 vespertino
1405 2517 1807 2585 quinquagenos
1857 2524 1950 2568 aut
1985 2533 2136 2567 sexa-

290 2609 452 2661 genos
509 2597 560 2640 et
594 2586 870 2656 farraginis
907 2584 1185 2636 fasciculos
1224 2585 1372 2655 equis
1410 2586 1465 2636 in
1501 2584 1687 2637 urbem
1726 2585 1941 2651 deferre,
1993 2585 2137 2655 capi-

288 2660 428 2713 tibus
467 2658 533 2710 ob
574 2656 696 2709 solis
736 2655 977 2708 ardorem
1016 2654 1293 2707 obvolutis.
1365 2655 1534 2725 quue
1573 2655 1781 2723 cotidie,
1821 2663 1872 2707 et
1895 2664 2137 2725 tempore

289 2730 489 2784 eodem.
565 2725 722 2793 Quod
759 2744 880 2777 cum
917 2725 982 2777 ab
1035 2724 1460 2777 observatoribus
1508 2727 1647 2793 patri
1691 2726 1844 2777 meob
1892 2723 2134 2776 *relatum

289 2801 485 2866 fuisset,
525 2796 682 2849 simili
719 2814 808 2847 eos
847 2795 1096 2847 exercitio
1135 2813 1288 2864 posse
1314 2794 1439 2862 falli,
1466 2795 1706 2847 advertit.
1766 2796 1977 2846 Referte
2006 2812 2134 2863 ergo

293 2888 405 2921 sese
470 2867 538 2918 ad
590 2884 766 2935 regem
833 2873 884 2917 et
933 2866 1007 2916 sic
1051 2865 1197 2934 apud
1245 2883 1367 2916 eum
1412 2865 1744 2934 presentibus
1798 2864 2135 2935 paucissimis

292 2947 547 3006 concepta
582 2935 822 2987 effundit:

432 3008 512 3059 89.
570 3007 852 3074 ‘Magnum’
866 3005 893 3071 f,
940 3005 1199 3075 inquiens,
1239 3005 1285 3056 ‘o
1310 3023 1421 3070 rex,
1459 3004 1739 3065 videretur,
1780 3004 1824 3055 si
1849 3004 1948 3055 hoc
1974 3021 2137 3072 nego-

292 3079 421 3130 tium
460 3074 787 3128 solummodo
826 3076 984 3126 armis
1022 3073 1329 3144 viribusque
1366 3082 1503 3126 esset
1528 3072 1963 3143 attemptandum.
2028 3072 2136 3126 Sed

414 3194 453 3249 *)
486 3196 531 3235 in
563 3196 660 3248 ipsa
693 3196 837 3236 hieme
871 3196 955 3236 sibi
989 3196 1139 3249 copias
1172 3196 1332 3246 mittat,
1365 3194 1472 3235 licet
1504 3196 1599 3248 ipse
1632 3195 1872 3235 exercitum
1897 3192 2133 3234 collectum

490 3257 719 3305 remiserit,
755 3261 797 3296 et
832 3257 934 3307 [non
966 3269 1104 3309 usque
1138 3262 1236 3310 post
1269 3257 1458 3296 hiemem
1491 3269 1580 3296 rev.
1618 3255 1745 3307 coron]
1789 3260 1832 3296 et
1863 3268 2002 3308 usque
2035 3258 2139 3309 post:

490 3329 675 3358 vernon
707 3330 980 3358 reversurum
1015 3318 1290 3358 constituerit
1326 3318 1364 3357 1.

389 3407 423 3447 a)
454 3416 541 3446 rege
571 3408 603 3440 1.
750 3407 787 3447 b)
819 3417 852 3447 p.
883 3417 930 3438 111.
957 3409 1038 3438 aliis
1066 3408 1189 3440 erasis.
1343 3405 1376 3448 c)
1405 3407 1444 3439 in
1470 3416 1580 3447 marq.
1724 3405 1761 3447 d)
1790 3405 1885 3440 Roda
1923 3415 2020 3438 corr.
2046 3405 2134 3438 Βοὴ

293 3455 328 3497 6)
358 3457 528 3489 Contulit
557 3458 586 3488 1.
691 3455 720 3497 s)
751 3457 903 3495 quidem
932 3457 1012 3488 add.
1044 3458 1075 3488 1.

388 3534 430 3588 1)
452 3534 496 3575 in
516 3533 794 3576 culmisciaco
812 3535 902 3575 rico
920 3540 1006 3575 tam
1024 3535 1147 3589 iufra
1163 3549 1295 3589 quam
1313 3535 1429 3576 circa
1448 3533 1696 3576 aecclesiam
1707 3535 1811 3588 fere
1829 3531 2133 3588 quadrayinta

291 3594 481 3637 homines
513 3594 818 3649 interfecerunt
849 3596 978 3636 Flod.
1105 3595 1152 3650 2)
1179 3597 1421 3650 Sequentia
1445 3595 1561 3638 solus
1581 3596 1818 3646 Richerus3
1854 3595 1982 3637 aliter
2003 3593 2136 3636 Flod.
