<?xml version="1.0" encoding="UTF-8"?>
<!DOCTYPE html PUBLIC "-//W3C//DTD XHTML 1.0 Transitional//EN"
    "http://www.w3.org/TR/xhtml1/DTD/xhtml1-transitional.dtd">
<html xmlns="http://www.w3.org/1999/xhtml" xml:lang="en" lang="en">
 <head>
  <title>
</title>
<meta http-equiv="Content-Type" content="text/html;charset=utf-8" />
  <meta name='ocr-system' content='tesseract 3.04.00' />
  <meta name='ocr-capabilities' content='ocr_page ocr_carea ocr_par ocr_line ocrx_word'/>
</head>
<body>
  <div class='ocr_page' id='page_1' title='image "./historiarumlibri00richuoft_0079.png"; bbox 0 0 2240 3879; ppageno 0'>
   <div class='ocr_carea' id='block_1_1' title="bbox 512 227 1942 271">
    <p class='ocr_par' dir='ltr' id='par_1_1' title="bbox 512 227 1942 271">
     <span class='ocr_line' id='line_1_1' title="bbox 512 227 1942 271; baseline 0.003 -6"><span class='ocrx_word' id='word_1_1' title='bbox 512 227 764 268; x_wconf 85' lang='lat' dir='ltr'>RICHERI</span> <span class='ocrx_word' id='word_1_2' title='bbox 798 229 1210 271; x_wconf 83' lang='lat' dir='ltr'>HISTORIARUM</span> <span class='ocrx_word' id='word_1_3' title='bbox 1242 229 1425 269; x_wconf 86' lang='lat' dir='ltr'>LIBER</span> <span class='ocrx_word' id='word_1_4' title='bbox 1458 231 1518 271; x_wconf 93' lang='lat' dir='ltr'>II.</span> <span class='ocrx_word' id='word_1_5' title='bbox 1891 232 1942 270; x_wconf 87' lang='lat'>61</span> 
     </span>
    </p>
   </div>
   <div class='ocr_carea' id='block_1_2' title="bbox 93 363 1945 2050">
    <p class='ocr_par' dir='ltr' id='par_1_2' title="bbox 97 363 1945 1292">
     <span class='ocr_line' id='line_1_2' title="bbox 102 363 1944 433; baseline 0.002 -18"><span class='ocrx_word' id='word_1_6' title='bbox 102 372 241 416; x_wconf 90' lang='lat' dir='ltr'>trans</span> <span class='ocrx_word' id='word_1_7' title='bbox 269 363 569 432; x_wconf 82' lang='lat' dir='ltr'>Sequanam</span> <span class='ocrx_word' id='word_1_8' title='bbox 595 364 814 416; x_wconf 78' lang='lat' dir='ltr'>fluvium</span> <span class='ocrx_word' id='word_1_9' title='bbox 841 367 940 418; x_wconf 89' lang='lat' dir='ltr'>iter</span> <span class='ocrx_word' id='word_1_10' title='bbox 964 366 1178 431; x_wconf 85' lang='lat' dir='ltr'>faciens,</span> <span class='ocrx_word' id='word_1_11' title='bbox 1217 365 1439 415; x_wconf 75' lang='lat' dir='ltr'>Baiocas</span> <span class='ocrx_word' id='word_1_12' title='bbox 1465 369 1718 433; x_wconf 87' lang='lat' dir='ltr'>pervenit.</span> <span class='ocrx_word' id='word_1_13' title='bbox 1772 368 1944 432; x_wconf 71' lang='lat' dir='ltr'>Quam</span> 
     </span>
     <span class='ocr_line' id='line_1_3' title="bbox 102 433 1945 506; baseline 0.003 -23"><span class='ocrx_word' id='word_1_14' title='bbox 102 451 382 502; x_wconf 79' lang='lat' dir='ltr'>aggressus</span> <span class='ocrx_word' id='word_1_15' title='bbox 419 433 583 484; x_wconf 89' lang='lat' dir='ltr'>multa</span> <span class='ocrx_word' id='word_1_16' title='bbox 622 435 891 486; x_wconf 81' lang='lat' dir='ltr'>obsidione</span> <span class='ocrx_word' id='word_1_17' title='bbox 929 434 1134 503; x_wconf 90' lang='lat' dir='ltr'>premit.</span> <span class='ocrx_word' id='word_1_18' title='bbox 1199 433 1343 485; x_wconf 87' lang='lat' dir='ltr'>Inter</span> <span class='ocrx_word' id='word_1_19' title='bbox 1379 434 1508 484; x_wconf 87' lang='lat' dir='ltr'>haec</span> <span class='ocrx_word' id='word_1_20' title='bbox 1535 454 1565 485; x_wconf 90' lang='lat' dir='ltr'>a</span> <span class='ocrx_word' id='word_1_21' title='bbox 1590 437 1749 504; x_wconf 85' lang='lat' dir='ltr'>regiis</span> <span class='ocrx_word' id='word_1_22' title='bbox 1789 439 1945 506; x_wconf 89' lang='lat' dir='ltr'>stipa-</span> 
     </span>
     <span class='ocr_line' id='line_1_4' title="bbox 102 501 1943 570; baseline 0.003 -18"><span class='ocrx_word' id='word_1_23' title='bbox 102 501 302 553; x_wconf 86' lang='lat' dir='ltr'>toribus</span> <span class='ocrx_word' id='word_1_24' title='bbox 339 503 578 570; x_wconf 78' lang='lat' dir='ltr'>persuasi</span> <span class='ocrx_word' id='word_1_25' title='bbox 615 503 941 567; x_wconf 87' lang='lat' dir='ltr'>Nortmanni,</span> <span class='ocrx_word' id='word_1_26' title='bbox 980 502 1048 553; x_wconf 92' lang='lat' dir='ltr'>ad</span> <span class='ocrx_word' id='word_1_27' title='bbox 1084 520 1264 570; x_wconf 85' lang='lat' dir='ltr'>regem</span> <span class='ocrx_word' id='word_1_28' title='bbox 1301 502 1536 554; x_wconf 89' lang='lat' dir='ltr'>redeunt.</span> <span class='ocrx_word' id='word_1_29' title='bbox 1610 505 1740 555; x_wconf 82' lang='lat' dir='ltr'>Dux</span> <span class='ocrx_word' id='word_1_30' title='bbox 1769 516 1943 557; x_wconf 88' lang='lat' dir='ltr'>autem</span> 
     </span>
     <span class='ocr_line' id='line_1_5' title="bbox 100 570 1944 642; baseline 0.003 -21"><span class='ocrx_word' id='word_1_31' title='bbox 100 571 415 622; x_wconf 86' lang='lat' dir='ltr'>Baiocenses</span> <span class='ocrx_word' id='word_1_32' title='bbox 453 572 690 639; x_wconf 84' lang='lat' dir='ltr'>urgebat.</span> <span class='ocrx_word' id='word_1_33' title='bbox 764 573 879 624; x_wconf 85' lang='lat' dir='ltr'>Rex</span> <span class='ocrx_word' id='word_1_34' title='bbox 907 572 1027 622; x_wconf 93' lang='lat' dir='ltr'>duci</span> <span class='ocrx_word' id='word_1_35' title='bbox 1054 570 1421 622; x_wconf 79' lang='lat' dir='ltr'>obsidionema</span> <span class='ocrx_word' id='word_1_36' title='bbox 1459 572 1661 624; x_wconf 83' lang='lat' dir='ltr'>solvere</span> <span class='ocrx_word' id='word_1_37' title='bbox 1687 593 1781 641; x_wconf 90' lang='lat' dir='ltr'>per</span> <span class='ocrx_word' id='word_1_38' title='bbox 1804 574 1944 642; x_wconf 88' lang='lat' dir='ltr'>lega-</span> 
     </span>
     <span class='ocr_line' id='line_1_6' title="bbox 99 640 1943 712; baseline 0.002 -22"><span class='ocrx_word' id='word_1_39' title='bbox 99 648 179 690; x_wconf 91' lang='lat' dir='ltr'>tos</span> <span class='ocrx_word' id='word_1_40' title='bbox 217 641 378 692; x_wconf 81' lang='lat' dir='ltr'>iubet.</span> <span class='ocrx_word' id='word_1_41' title='bbox 469 640 562 692; x_wconf 92' lang='lat' dir='ltr'>Ille</span> <span class='ocrx_word' id='word_1_42' title='bbox 612 650 784 692; x_wconf 86' lang='lat' dir='ltr'>autem</span> <span class='ocrx_word' id='word_1_43' title='bbox 835 649 1017 708; x_wconf 83' lang='lat' dir='ltr'>utpote</span> <span class='ocrx_word' id='word_1_44' title='bbox 1067 640 1134 691; x_wconf 92' lang='lat' dir='ltr'>ab</span> <span class='ocrx_word' id='word_1_45' title='bbox 1185 658 1309 708; x_wconf 87' lang='lat' dir='ltr'>rege</span> <span class='ocrx_word' id='word_1_46' title='bbox 1361 641 1539 692; x_wconf 89' lang='lat' dir='ltr'>datum</span> <span class='ocrx_word' id='word_1_47' title='bbox 1587 642 1813 711; x_wconf 87' lang='lat' dir='ltr'>amplius</span> <span class='ocrx_word' id='word_1_48' title='bbox 1855 662 1943 712; x_wconf 89' lang='lat' dir='ltr'>op-</span> 
     </span>
     <span class='ocr_line' id='line_1_7' title="bbox 98 708 1944 780; baseline 0.003 -22"><span class='ocrx_word' id='word_1_49' title='bbox 98 718 314 777; x_wconf 80' lang='lat' dir='ltr'>pugnat.</span> <span class='ocrx_word' id='word_1_50' title='bbox 376 710 492 761; x_wconf 84' lang='lat' dir='ltr'>Rex</span> <span class='ocrx_word' id='word_1_51' title='bbox 519 728 727 780; x_wconf 89' lang='lat' dir='ltr'>quoque</span> <span class='ocrx_word' id='word_1_52' title='bbox 753 711 941 761; x_wconf 88' lang='lat' dir='ltr'>iterum</span> <span class='ocrx_word' id='word_1_53' title='bbox 967 708 1197 774; x_wconf 89' lang='lat' dir='ltr'>mandat,</span> <span class='ocrx_word' id='word_1_54' title='bbox 1239 710 1395 778; x_wconf 89' lang='lat' dir='ltr'>quod,</span> <span class='ocrx_word' id='word_1_55' title='bbox 1434 711 1533 761; x_wconf 91' lang='lat' dir='ltr'>nisi</span> <span class='ocrx_word' id='word_1_56' title='bbox 1560 712 1664 763; x_wconf 91' lang='lat' dir='ltr'>cito</span> <span class='ocrx_word' id='word_1_57' title='bbox 1692 712 1944 778; x_wconf 90' lang='lat' dir='ltr'>discedat,</span> 
     </span>
     <span class='ocr_line' id='line_1_8' title="bbox 100 779 1943 847; baseline 0.003 -19"><span class='ocrx_word' id='word_1_58' title='bbox 100 796 212 829; x_wconf 90' lang='lat' dir='ltr'>sese</span> <span class='ocrx_word' id='word_1_59' title='bbox 249 780 303 828; x_wconf 89' lang='lat' dir='ltr'>in</span> <span class='ocrx_word' id='word_1_60' title='bbox 342 797 460 829; x_wconf 91' lang='lat' dir='ltr'>eum</span> <span class='ocrx_word' id='word_1_61' title='bbox 500 797 617 830; x_wconf 91' lang='lat' dir='ltr'>cum</span> <span class='ocrx_word' id='word_1_62' title='bbox 657 779 822 846; x_wconf 90' lang='lat' dir='ltr'>copiis</span> <span class='ocrx_word' id='word_1_63' title='bbox 860 779 1068 829; x_wconf 89' lang='lat' dir='ltr'>iturum.</span> <span class='ocrx_word' id='word_1_64' title='bbox 1142 779 1272 829; x_wconf 87' lang='lat' dir='ltr'>Dux</span> <span class='ocrx_word' id='word_1_65' title='bbox 1308 780 1468 847; x_wconf 87' lang='lat' dir='ltr'>regiis</span> <span class='ocrx_word' id='word_1_66' title='bbox 1502 781 1655 831; x_wconf 91' lang='lat' dir='ltr'>iussis</span> <span class='ocrx_word' id='word_1_67' title='bbox 1684 783 1943 833; x_wconf 85' lang='lat' dir='ltr'>contraire</span> 
     </span>
     <span class='ocr_line' id='line_1_9' title="bbox 98 846 1942 913; baseline 0.002 -16"><span class='ocrx_word' id='word_1_68' title='bbox 98 865 203 898; x_wconf 88' lang='lat' dir='ltr'>non</span> <span class='ocrx_word' id='word_1_69' title='bbox 257 846 452 913; x_wconf 76' lang='lat' dir='ltr'>valens,</span> <span class='ocrx_word' id='word_1_70' title='bbox 508 849 573 900; x_wconf 90' lang='lat' dir='ltr'>ab</span> <span class='ocrx_word' id='word_1_71' title='bbox 631 847 903 898; x_wconf 79' lang='lat' dir='ltr'>obsidione</span> <span class='ocrx_word' id='word_1_72' title='bbox 960 849 1208 899; x_wconf 71' lang='lat' dir='ltr'>coactusb</span> <span class='ocrx_word' id='word_1_73' title='bbox 1267 848 1504 900; x_wconf 73' lang='lat' dir='ltr'>discedit.</span> <span class='ocrx_word' id='word_1_74' title='bbox 1585 851 1702 901; x_wconf 87' lang='lat' dir='ltr'>Rex</span> <span class='ocrx_word' id='word_1_75' title='bbox 1756 849 1942 902; x_wconf 90' lang='lat' dir='ltr'>urbem</span> 
     </span>
     <span class='ocr_line' id='line_1_10' title="bbox 100 916 1941 987; baseline 0.002 -21"><span class='ocrx_word' id='word_1_76' title='bbox 100 926 480 986; x_wconf 80' lang='lat' dir='ltr'>consequenter</span> <span class='ocrx_word' id='word_1_77' title='bbox 537 917 843 984; x_wconf 81' lang='lat' dir='ltr'>ingreditur.</span> <span class='ocrx_word' id='word_1_78' title='bbox 944 916 1104 968; x_wconf 85' lang='lat' dir='ltr'>Cuius</span> <span class='ocrx_word' id='word_1_79' title='bbox 1167 918 1233 968; x_wconf 92' lang='lat' dir='ltr'>ad</span> <span class='ocrx_word' id='word_1_80' title='bbox 1290 937 1344 969; x_wconf 90' lang='lat' dir='ltr'>se</span> <span class='ocrx_word' id='word_1_81' title='bbox 1407 919 1610 971; x_wconf 89' lang='lat' dir='ltr'>civibus</span> <span class='ocrx_word' id='word_1_82' title='bbox 1666 921 1941 987; x_wconf 81' lang='lat' dir='ltr'>revocatis,</span> 
     </span>
     <span class='ocr_line' id='line_1_11' title="bbox 97 984 1939 1055; baseline 0.003 -20"><span class='ocrx_word' id='word_1_83' title='bbox 97 984 334 1037; x_wconf 87' lang='lat' dir='ltr'>Ebrocas</span> <span class='ocrx_word' id='word_1_84' title='bbox 382 986 513 1054; x_wconf 89' lang='lat' dir='ltr'>petit</span> <span class='ocrx_word' id='word_1_85' title='bbox 561 1003 620 1035; x_wconf 89' lang='lat' dir='ltr'>ac</span> <span class='ocrx_word' id='word_1_86' title='bbox 669 984 808 1036; x_wconf 88' lang='lat' dir='ltr'>nullo</span> <span class='ocrx_word' id='word_1_87' title='bbox 856 987 1127 1037; x_wconf 81' lang='lat' dir='ltr'>resistente</span> <span class='ocrx_word' id='word_1_88' title='bbox 1177 987 1521 1055; x_wconf 78' lang='lat' dir='ltr'>ingrediturl.</span> <span class='ocrx_word' id='word_1_89' title='bbox 1604 988 1716 1039; x_wconf 88' lang='lat' dir='ltr'>Nec</span> <span class='ocrx_word' id='word_1_90' title='bbox 1766 990 1939 1041; x_wconf 90' lang='lat' dir='ltr'>minus</span> 
     </span>
     <span class='ocr_line' id='line_1_12' title="bbox 97 1054 1940 1127; baseline 0.002 -21"><span class='ocrx_word' id='word_1_91' title='bbox 97 1062 148 1106; x_wconf 90' lang='lat' dir='ltr'>et</span> <span class='ocrx_word' id='word_1_92' title='bbox 184 1054 249 1106; x_wconf 90' lang='lat' dir='ltr'>ab</span> <span class='ocrx_word' id='word_1_93' title='bbox 276 1055 665 1106; x_wconf 87' lang='lat' dir='ltr'>Ebrocensibus</span> <span class='ocrx_word' id='word_1_94' title='bbox 700 1056 932 1124; x_wconf 88' lang='lat' dir='ltr'>acceptis</span> <span class='ocrx_word' id='word_1_95' title='bbox 960 1056 1248 1122; x_wconf 90' lang='lat' dir='ltr'>obsidibus,</span> <span class='ocrx_word' id='word_1_96' title='bbox 1287 1055 1487 1126; x_wconf 90' lang='lat' dir='ltr'>reliqua</span> <span class='ocrx_word' id='word_1_97' title='bbox 1513 1058 1710 1127; x_wconf 83' lang='lat' dir='ltr'>absque</span> <span class='ocrx_word' id='word_1_98' title='bbox 1740 1068 1940 1110; x_wconf 87' lang='lat' dir='ltr'>contra-</span> 
     </span>
     <span class='ocr_line' id='line_1_13' title="bbox 97 1122 597 1175; baseline -0.002 -1"><span class='ocrx_word' id='word_1_99' title='bbox 97 1124 323 1175; x_wconf 83' lang='lat' dir='ltr'>dictione</span> <span class='ocrx_word' id='word_1_100' title='bbox 362 1122 597 1175; x_wconf 88' lang='lat' dir='ltr'>obtinuit.</span> 
     </span>
     <span class='ocr_line' id='line_1_14' title="bbox 351 1222 1684 1292; baseline 0.003 -20"><span class='ocrx_word' id='word_1_101' title='bbox 351 1222 432 1273; x_wconf 82' lang='lat'>43.</span> <span class='ocrx_word' id='word_1_102' title='bbox 487 1223 617 1273; x_wconf 85' lang='lat' dir='ltr'>Dux</span> <span class='ocrx_word' id='word_1_103' title='bbox 662 1241 784 1274; x_wconf 90' lang='lat' dir='ltr'>suos</span> <span class='ocrx_word' id='word_1_104' title='bbox 822 1226 907 1274; x_wconf 90' lang='lat' dir='ltr'>inC</span> <span class='ocrx_word' id='word_1_105' title='bbox 943 1224 1082 1292; x_wconf 86' lang='lat' dir='ltr'>regis</span> <span class='ocrx_word' id='word_1_106' title='bbox 1120 1224 1397 1274; x_wconf 85' lang='lat' dir='ltr'>iniuriamc</span> <span class='ocrx_word' id='word_1_107' title='bbox 1434 1224 1684 1277; x_wconf 79' lang='lat' dir='ltr'>hortatur.</span> 
     </span>
    </p>

    <p class='ocr_par' dir='ltr' id='par_1_3' title="bbox 93 1306 1940 2050">
     <span class='ocr_line' id='line_1_15' title="bbox 233 1306 1939 1376; baseline 0.003 -19"><span class='ocrx_word' id='word_1_108' title='bbox 233 1306 363 1357; x_wconf 83' lang='lat' dir='ltr'>Dux</span> <span class='ocrx_word' id='word_1_109' title='bbox 399 1306 540 1374; x_wconf 92' lang='lat' dir='ltr'>apud</span> <span class='ocrx_word' id='word_1_110' title='bbox 576 1325 697 1357; x_wconf 90' lang='lat' dir='ltr'>suos</span> <span class='ocrx_word' id='word_1_111' title='bbox 734 1307 868 1358; x_wconf 89' lang='lat' dir='ltr'>hanc</span> <span class='ocrx_word' id='word_1_112' title='bbox 904 1308 1150 1358; x_wconf 87' lang='lat' dir='ltr'>iniuriam</span> <span class='ocrx_word' id='word_1_113' title='bbox 1201 1309 1472 1376; x_wconf 84' lang='lat' dir='ltr'>sepissime</span> <span class='ocrx_word' id='word_1_114' title='bbox 1511 1327 1823 1376; x_wconf 88' lang='lat' dir='ltr'>memorans,</span> <span class='ocrx_word' id='word_1_115' title='bbox 1875 1311 1939 1362; x_wconf 91' lang='lat' dir='ltr'>de</span> 
     </span>
     <span class='ocr_line' id='line_1_16' title="bbox 96 1376 1939 1445; baseline 0.003 -20"><span class='ocrx_word' id='word_1_116' title='bbox 96 1376 235 1443; x_wconf 88' lang='lat' dir='ltr'>regis</span> <span class='ocrx_word' id='word_1_117' title='bbox 285 1376 516 1443; x_wconf 89' lang='lat' dir='ltr'>pernicie</span> <span class='ocrx_word' id='word_1_118' title='bbox 560 1377 944 1445; x_wconf 73' lang='lat' dir='ltr'>pertractabat,</span> <span class='ocrx_word' id='word_1_119' title='bbox 1002 1376 1211 1429; x_wconf 84' lang='lat' dir='ltr'>*fideles</span> <span class='ocrx_word' id='word_1_120' title='bbox 1259 1386 1309 1428; x_wconf 92' lang='lat' dir='ltr'>et</span> <span class='ocrx_word' id='word_1_121' title='bbox 1355 1379 1552 1429; x_wconf 87' lang='lat' dir='ltr'>amicos</span> <span class='ocrx_word' id='word_1_122' title='bbox 1601 1378 1832 1445; x_wconf 88' lang='lat' dir='ltr'>hortans,</span> <span class='ocrx_word' id='word_1_123' title='bbox 1883 1389 1939 1432; x_wconf 94' lang='lat' dir='ltr'>ut</span> 
     </span>
     <span class='ocr_line' id='line_1_17' title="bbox 95 1444 1938 1517; baseline 0.003 -22"><span class='ocrx_word' id='word_1_124' title='bbox 95 1445 194 1495; x_wconf 92' lang='lat' dir='ltr'>hoc</span> <span class='ocrx_word' id='word_1_125' title='bbox 243 1444 411 1496; x_wconf 91' lang='lat' dir='ltr'>ultum</span> <span class='ocrx_word' id='word_1_126' title='bbox 460 1445 524 1495; x_wconf 88' lang='lat' dir='ltr'>iri</span> <span class='ocrx_word' id='word_1_127' title='bbox 573 1444 878 1498; x_wconf 86' lang='lat' dir='ltr'>accelerent.</span> <span class='ocrx_word' id='word_1_128' title='bbox 964 1446 1121 1511; x_wconf 73' lang='lat' dir='ltr'>Quod</span> <span class='ocrx_word' id='word_1_129' title='bbox 1168 1448 1325 1498; x_wconf 89' lang='lat' dir='ltr'>etiam</span> <span class='ocrx_word' id='word_1_130' title='bbox 1375 1447 1550 1498; x_wconf 91' lang='lat' dir='ltr'>multis</span> <span class='ocrx_word' id='word_1_131' title='bbox 1598 1450 1938 1517; x_wconf 88' lang='lat' dir='ltr'>querimoniis</span> 
     </span>
     <span class='ocr_line' id='line_1_18' title="bbox 96 1512 1937 1586; baseline 0.003 -23"><span class='ocrx_word' id='word_1_132' title='bbox 96 1512 441 1582; x_wconf 89' lang='lat' dir='ltr'>amplificans,</span> <span class='ocrx_word' id='word_1_133' title='bbox 480 1532 602 1565; x_wconf 89' lang='lat' dir='ltr'>suos</span> <span class='ocrx_word' id='word_1_134' title='bbox 639 1516 693 1564; x_wconf 89' lang='lat' dir='ltr'>in</span> <span class='ocrx_word' id='word_1_135' title='bbox 719 1534 898 1584; x_wconf 87' lang='lat' dir='ltr'>regem</span> <span class='ocrx_word' id='word_1_136' title='bbox 926 1524 1193 1584; x_wconf 76' lang='lat' dir='ltr'>provocat.</span> <span class='ocrx_word' id='word_1_137' title='bbox 1256 1516 1559 1568; x_wconf 89' lang='lat' dir='ltr'>Bernardus</span> <span class='ocrx_word' id='word_1_138' title='bbox 1585 1518 1764 1586; x_wconf 90' lang='lat' dir='ltr'>itaque</span> <span class='ocrx_word' id='word_1_139' title='bbox 1792 1517 1937 1570; x_wconf 85' lang='lat' dir='ltr'>Sille-</span> 
     </span>
     <span class='ocr_line' id='line_1_19' title="bbox 94 1583 1936 1654; baseline 0.004 -22"><span class='ocrx_word' id='word_1_140' title='bbox 94 1583 255 1634; x_wconf 85' lang='lat' dir='ltr'>tensis</span> <span class='ocrx_word' id='word_1_141' title='bbox 272 1593 288 1618; x_wconf 89' lang='lat'>2</span> <span class='ocrx_word' id='word_1_142' title='bbox 315 1590 472 1652; x_wconf 92' lang='lat' dir='ltr'>atque</span> <span class='ocrx_word' id='word_1_143' title='bbox 498 1583 823 1635; x_wconf 89' lang='lat' dir='ltr'>Teutboldus</span> <span class='ocrx_word' id='word_1_144' title='bbox 851 1585 1145 1635; x_wconf 89' lang='lat' dir='ltr'>Turonicus</span> <span class='ocrx_word' id='word_1_145' title='bbox 1173 1587 1513 1654; x_wconf 83' lang='lat' dir='ltr'>conquerenti</span> <span class='ocrx_word' id='word_1_146' title='bbox 1540 1587 1936 1654; x_wconf 82' lang='lat' dir='ltr'>satisfacienteS,</span> 
     </span>
     <span class='ocr_line' id='line_1_20' title="bbox 94 1652 1938 1725; baseline 0.003 -23"><span class='ocrx_word' id='word_1_147' title='bbox 94 1652 473 1703; x_wconf 89' lang='lat' dir='ltr'>Montiniacum</span> <span class='ocrx_word' id='word_1_148' title='bbox 510 1654 649 1717; x_wconf 85' lang='lat' dir='ltr'>regis</span> <span class='ocrx_word' id='word_1_149' title='bbox 689 1653 942 1722; x_wconf 89' lang='lat' dir='ltr'>oppidum</span> <span class='ocrx_word' id='word_1_150' title='bbox 980 1655 1035 1704; x_wconf 90' lang='lat' dir='ltr'>in</span> <span class='ocrx_word' id='word_1_151' title='bbox 1070 1655 1196 1722; x_wconf 86' lang='lat' dir='ltr'>ipsis</span> <span class='ocrx_word' id='word_1_152' title='bbox 1245 1654 1472 1723; x_wconf 86' lang='lat' dir='ltr'>paschae</span> <span class='ocrx_word' id='word_1_153' title='bbox 1521 1654 1705 1707; x_wconf 89' lang='lat' dir='ltr'>diebus</span> <span class='ocrx_word' id='word_1_154' title='bbox 1755 1675 1938 1725; x_wconf 85' lang='lat' dir='ltr'>perva-</span> 
     </span>
     <span class='ocr_line' id='line_1_21' title="bbox 95 1721 1939 1794; baseline 0.004 -23"><span class='ocrx_word' id='word_1_155' title='bbox 95 1721 291 1787; x_wconf 90' lang='lat' dir='ltr'>dentes,</span> <span class='ocrx_word' id='word_1_156' title='bbox 354 1723 566 1791; x_wconf 87' lang='lat' dir='ltr'>capiunt</span> <span class='ocrx_word' id='word_1_157' title='bbox 628 1723 960 1792; x_wconf 87' lang='lat' dir='ltr'>diruuntque.</span> <span class='ocrx_word' id='word_1_158' title='bbox 1054 1723 1442 1792; x_wconf 80' lang='lat' dir='ltr'>Compendium</span> <span class='ocrx_word' id='word_1_159' title='bbox 1501 1743 1707 1793; x_wconf 92' lang='lat' dir='ltr'>quoque</span> <span class='ocrx_word' id='word_1_160' title='bbox 1762 1727 1939 1794; x_wconf 87' lang='lat' dir='ltr'>regiae</span> 
     </span>
     <span class='ocr_line' id='line_1_22' title="bbox 94 1790 1940 1863; baseline 0.002 -22"><span class='ocrx_word' id='word_1_161' title='bbox 94 1790 232 1842; x_wconf 89' lang='lat' dir='ltr'>sedis</span> <span class='ocrx_word' id='word_1_162' title='bbox 269 1790 442 1841; x_wconf 88' lang='lat' dir='ltr'>aulam</span> <span class='ocrx_word' id='word_1_163' title='bbox 479 1793 736 1860; x_wconf 88' lang='lat' dir='ltr'>repentini</span> <span class='ocrx_word' id='word_1_164' title='bbox 774 1799 1049 1861; x_wconf 85' lang='lat' dir='ltr'>penetrant</span> <span class='ocrx_word' id='word_1_165' title='bbox 1086 1811 1147 1843; x_wconf 93' lang='lat' dir='ltr'>ac</span> <span class='ocrx_word' id='word_1_166' title='bbox 1186 1811 1424 1862; x_wconf 91' lang='lat' dir='ltr'>quaeque</span> <span class='ocrx_word' id='word_1_167' title='bbox 1462 1794 1659 1861; x_wconf 86' lang='lat' dir='ltr'>regalia</span> <span class='ocrx_word' id='word_1_168' title='bbox 1712 1796 1940 1863; x_wconf 87' lang='lat' dir='ltr'>insignia</span> 
     </span>
     <span class='ocr_line' id='line_1_23' title="bbox 93 1859 1938 1930; baseline 0.003 -21"><span class='ocrx_word' id='word_1_169' title='bbox 93 1859 397 1928; x_wconf 89' lang='lat' dir='ltr'>diripientes</span> <span class='ocrx_word' id='word_1_170' title='bbox 448 1869 732 1929; x_wconf 88' lang='lat' dir='ltr'>asportant..</span> <span class='ocrx_word' id='word_1_171' title='bbox 819 1862 929 1913; x_wconf 90' lang='lat' dir='ltr'>Nec</span> <span class='ocrx_word' id='word_1_172' title='bbox 973 1860 1135 1912; x_wconf 86' lang='lat' dir='ltr'>multo</span> <span class='ocrx_word' id='word_1_173' title='bbox 1192 1870 1311 1930; x_wconf 89' lang='lat' dir='ltr'>post</span> <span class='ocrx_word' id='word_1_174' title='bbox 1355 1870 1405 1913; x_wconf 90' lang='lat' dir='ltr'>et</span> <span class='ocrx_word' id='word_1_175' title='bbox 1449 1863 1588 1913; x_wconf 86' lang='lat' dir='ltr'>idem</span> <span class='ocrx_word' id='word_1_176' title='bbox 1639 1863 1938 1915; x_wconf 85' lang='lat' dir='ltr'>Bernardus</span> 
     </span>
     <span class='ocr_line' id='line_1_24' title="bbox 93 1930 1939 2048; baseline 0.003 -70"><span class='ocrx_word' id='word_1_177' title='bbox 93 1930 231 2048; x_wconf 46' lang='lat' dir='ltr'>rigis</span> <span class='ocrx_word' id='word_1_178' title='bbox 270 1936 541 1981; x_wconf 87' lang='lat' dir='ltr'>venatores</span> <span class='ocrx_word' id='word_1_179' title='bbox 590 1948 848 1999; x_wconf 89' lang='lat' dir='ltr'>canesque</span> <span class='ocrx_word' id='word_1_180' title='bbox 896 1932 1163 2000; x_wconf 75' lang='lat' dir='ltr'>capiensb,</span> <span class='ocrx_word' id='word_1_181' title='bbox 1216 1949 1335 1982; x_wconf 90' lang='lat' dir='ltr'>cum</span> <span class='ocrx_word' id='word_1_182' title='bbox 1382 1933 1529 2000; x_wconf 89' lang='lat' dir='ltr'>equis</span> <span class='ocrx_word' id='word_1_183' title='bbox 1567 1950 1628 1982; x_wconf 91' lang='lat' dir='ltr'>ac</span> <span class='ocrx_word' id='word_1_184' title='bbox 1665 1932 1939 1983; x_wconf 89' lang='lat' dir='ltr'>venabulis</span> 
     </span>
     <span class='ocr_line' id='line_1_25' title="bbox 94 1997 335 2050; baseline -0.004 -3"><span class='ocrx_word' id='word_1_185' title='bbox 94 2015 125 2047; x_wconf 92' lang='lat' dir='ltr'>a</span> <span class='ocrx_word' id='word_1_186' title='bbox 167 1997 335 2050; x_wconf 86' lang='lat' dir='ltr'>duxit.</span> 
     </span>
    </p>
   </div>
   <div class='ocr_carea' id='block_1_3' title="bbox 298 2098 1749 2168">
    <p class='ocr_par' dir='ltr' id='par_1_4' title="bbox 298 2098 1749 2168">
     <span class='ocr_line' id='line_1_26' title="bbox 298 2098 1749 2168; baseline 0.002 -20"><span class='ocrx_word' id='word_1_187' title='bbox 298 2098 381 2148; x_wconf 88' lang='lat'>44.</span> <span class='ocrx_word' id='word_1_188' title='bbox 436 2098 553 2149; x_wconf 88' lang='lat' dir='ltr'>Rex</span> <span class='ocrx_word' id='word_1_189' title='bbox 590 2099 807 2150; x_wconf 85' lang='lat' dir='ltr'>urbemd</span> <span class='ocrx_word' id='word_1_190' title='bbox 843 2099 1128 2150; x_wconf 85' lang='lat' dir='ltr'>Remorum</span> <span class='ocrx_word' id='word_1_191' title='bbox 1169 2098 1474 2150; x_wconf 81' lang='lat' dir='ltr'>obsidioned</span> <span class='ocrx_word' id='word_1_192' title='bbox 1511 2101 1749 2168; x_wconf 73' lang='lat' dir='ltr'>premitd.</span> 
     </span>
    </p>
   </div>
   <div class='ocr_carea' id='block_1_4' title="bbox 95 2181 1939 2322">
    <p class='ocr_par' dir='ltr' id='par_1_5' title="bbox 95 2181 1939 2322">
     <span class='ocr_line' id='line_1_27' title="bbox 231 2181 1937 2251; baseline 0.003 -20"><span class='ocrx_word' id='word_1_193' title='bbox 231 2181 347 2232; x_wconf 89' lang='lat' dir='ltr'>Rex</span> <span class='ocrx_word' id='word_1_194' title='bbox 395 2181 659 2233; x_wconf 90' lang='lat' dir='ltr'>Rhodomi</span> <span class='ocrx_word' id='word_1_195' title='bbox 713 2181 837 2234; x_wconf 90' lang='lat' dir='ltr'>talia</span> <span class='ocrx_word' id='word_1_196' title='bbox 893 2184 1237 2251; x_wconf 89' lang='lat' dir='ltr'>comperiens,</span> <span class='ocrx_word' id='word_1_197' title='bbox 1294 2184 1740 2235; x_wconf 88' lang='lat' dir='ltr'>Nortmannorum</span> <span class='ocrx_word' id='word_1_198' title='bbox 1792 2203 1937 2236; x_wconf 86' lang='lat' dir='ltr'>exer-</span> 
     </span>
     <span class='ocr_line' id='line_1_28' title="bbox 95 2249 1939 2322; baseline 0.002 -21"><span class='ocrx_word' id='word_1_199' title='bbox 95 2250 258 2301; x_wconf 90' lang='lat' dir='ltr'>citum</span> <span class='ocrx_word' id='word_1_200' title='bbox 296 2249 495 2318; x_wconf 89' lang='lat' dir='ltr'>colligit</span> <span class='ocrx_word' id='word_1_201' title='bbox 531 2252 816 2320; x_wconf 88' lang='lat' dir='ltr'>copiosum,</span> <span class='ocrx_word' id='word_1_202' title='bbox 856 2269 917 2302; x_wconf 86' lang='lat' dir='ltr'>ac</span> <span class='ocrx_word' id='word_1_203' title='bbox 955 2252 1190 2317; x_wconf 80' lang='lat' dir='ltr'>collectO,</span> <span class='ocrx_word' id='word_1_204' title='bbox 1231 2252 1382 2319; x_wconf 89' lang='lat' dir='ltr'>redit,</span> <span class='ocrx_word' id='word_1_205' title='bbox 1422 2271 1621 2322; x_wconf 89' lang='lat' dir='ltr'>pagum</span> <span class='ocrx_word' id='word_1_206' title='bbox 1651 2254 1939 2306; x_wconf 67' lang='lat' dir='ltr'>Vei-oman-</span> 
     </span>
    </p>
   </div>
   <div class='ocr_carea' id='block_1_5' title="bbox 1965 383 2044 415">
    <p class='ocr_par' dir='ltr' id='par_1_6' title="bbox 1965 383 2044 415">
     <span class='ocr_line' id='line_1_29' title="bbox 1965 383 2044 415; baseline -0.013 0"><span class='ocrx_word' id='word_1_207' title='bbox 1965 383 2044 415; x_wconf 77' lang='lat'>944.</span> 
     </span>
    </p>
   </div>
   <div class='ocr_carea' id='block_1_6' title="bbox 1961 1139 2045 1173">
    <p class='ocr_par' dir='ltr' id='par_1_7' title="bbox 1961 1139 2045 1173">
     <span class='ocr_line' id='line_1_30' title="bbox 1961 1139 2045 1173; baseline 0.024 -2"><span class='ocrx_word' id='word_1_208' title='bbox 1961 1139 2045 1173; x_wconf 79' lang='lat'>945.</span> 
     </span>
    </p>
   </div>
   <div class='ocr_carea' id='block_1_7' title="bbox 1959 1398 2141 1434">
    <p class='ocr_par' dir='ltr' id='par_1_8' title="bbox 1959 1398 2141 1434">
     <span class='ocr_line' id='line_1_31' title="bbox 1959 1398 2141 1434; baseline 0.005 -2"><span class='ocrx_word' id='word_1_209' title='bbox 1959 1398 1970 1411; x_wconf 81' lang='lat'>⁸</span> <span class='ocrx_word' id='word_1_210' title='bbox 1985 1400 2052 1434; x_wconf 84' lang='lat' dir='ltr'>fol.</span> <span class='ocrx_word' id='word_1_211' title='bbox 2083 1401 2141 1433; x_wconf 87' lang='grc'>22.</span> 
     </span>
    </p>
   </div>
   <div class='ocr_carea' id='block_1_8' title="bbox 94 2318 1994 2393">
    <p class='ocr_par' dir='ltr' id='par_1_9' title="bbox 94 2318 1994 2393">
     <span class='ocr_line' id='line_1_32' title="bbox 94 2318 1994 2393; baseline 0.003 -23"><span class='ocrx_word' id='word_1_212' title='bbox 94 2318 308 2371; x_wconf 88' lang='lat' dir='ltr'>densem</span> <span class='ocrx_word' id='word_1_213' title='bbox 344 2320 645 2387; x_wconf 89' lang='lat' dir='ltr'>ingrediens</span> <span class='ocrx_word' id='word_1_214' title='bbox 694 2323 1007 2390; x_wconf 88' lang='lat' dir='ltr'>penitusque</span> <span class='ocrx_word' id='word_1_215' title='bbox 1058 2321 1402 2391; x_wconf 89' lang='lat' dir='ltr'>depopulans.</span> <span class='ocrx_word' id='word_1_216' title='bbox 1488 2324 1689 2373; x_wconf 85' lang='lat' dir='ltr'>Accitis</span> <span class='ocrx_word' id='word_1_217' title='bbox 1728 2341 1938 2393; x_wconf 89' lang='lat' dir='ltr'>quoque</span> <span class='ocrx_word' id='word_1_218' title='bbox 1987 2353 1994 2358; x_wconf 88' lang='lat'><em>·</em></span> 
     </span>
    </p>
   </div>
   <div class='ocr_carea' id='block_1_9' title="bbox 91 2387 1938 3269">
    <p class='ocr_par' dir='ltr' id='par_1_10' title="bbox 91 2387 1938 3269">
     <span class='ocr_line' id='line_1_33' title="bbox 91 2387 1938 2457; baseline 0.003 -19"><span class='ocrx_word' id='word_1_219' title='bbox 91 2387 311 2439; x_wconf 85' lang='lat' dir='ltr'>Arnulfo</span> <span class='ocrx_word' id='word_1_220' title='bbox 331 2397 366 2454; x_wconf 79' lang='lat'>3,</span> <span class='ocrx_word' id='word_1_221' title='bbox 403 2389 640 2455; x_wconf 90' lang='lat' dir='ltr'>Erluino,</span> <span class='ocrx_word' id='word_1_222' title='bbox 679 2390 949 2442; x_wconf 86' lang='lat' dir='ltr'>Bernardo</span> <span class='ocrx_word' id='word_1_223' title='bbox 988 2389 1107 2456; x_wconf 90' lang='lat' dir='ltr'>alio,</span> <span class='ocrx_word' id='word_1_224' title='bbox 1158 2391 1487 2442; x_wconf 85' lang='lat' dir='ltr'>Theoderico</span> <span class='ocrx_word' id='word_1_225' title='bbox 1534 2391 1830 2457; x_wconf 76' lang='lat' dir='ltr'>comitibus,</span> <span class='ocrx_word' id='word_1_226' title='bbox 1883 2412 1938 2443; x_wconf 88' lang='lat' dir='ltr'>m</span> 
     </span>
     <span class='ocr_line' id='line_1_34' title="bbox 92 2455 1936 2530; baseline 0.003 -24"><span class='ocrx_word' id='word_1_227' title='bbox 92 2455 275 2508; x_wconf 91' lang='lat' dir='ltr'>urbem</span> <span class='ocrx_word' id='word_1_228' title='bbox 326 2459 611 2509; x_wconf 89' lang='lat' dir='ltr'>Remorum</span> <span class='ocrx_word' id='word_1_229' title='bbox 657 2459 836 2510; x_wconf 88' lang='lat' dir='ltr'>fertur.</span> <span class='ocrx_word' id='word_1_230' title='bbox 919 2459 1160 2528; x_wconf 87' lang='lat' dir='ltr'>Eamque</span> <span class='ocrx_word' id='word_1_231' title='bbox 1214 2459 1468 2528; x_wconf 89' lang='lat' dir='ltr'>disposita</span> <span class='ocrx_word' id='word_1_232' title='bbox 1523 2462 1936 2530; x_wconf 88' lang='lat' dir='ltr'>circumquaque</span> 
     </span>
     <span class='ocr_line' id='line_1_35' title="bbox 95 2525 1935 2598; baseline 0.003 -22"><span class='ocrx_word' id='word_1_233' title='bbox 95 2525 367 2578; x_wconf 89' lang='lat' dir='ltr'>obsidione</span> <span class='ocrx_word' id='word_1_234' title='bbox 405 2528 584 2595; x_wconf 89' lang='lat' dir='ltr'>cingit,</span> <span class='ocrx_word' id='word_1_235' title='bbox 633 2545 693 2578; x_wconf 92' lang='lat' dir='ltr'>eo</span> <span class='ocrx_word' id='word_1_236' title='bbox 743 2528 885 2596; x_wconf 92' lang='lat' dir='ltr'>quod</span> <span class='ocrx_word' id='word_1_237' title='bbox 922 2528 1113 2596; x_wconf 81' lang='lat' dir='ltr'>Hugoe</span> <span class='ocrx_word' id='word_1_238' title='bbox 1163 2529 1401 2580; x_wconf 87' lang='lat' dir='ltr'>eiusdem</span> <span class='ocrx_word' id='word_1_239' title='bbox 1452 2529 1596 2581; x_wconf 89' lang='lat' dir='ltr'>urbis</span> <span class='ocrx_word' id='word_1_240' title='bbox 1638 2531 1935 2598; x_wconf 90' lang='lat' dir='ltr'>episcopus,</span> 
     </span>
     <span class='ocr_line' id='line_1_36' title="bbox 94 2595 1936 2665; baseline 0.004 -21"><span class='ocrx_word' id='word_1_241' title='bbox 94 2595 218 2664; x_wconf 91' lang='lat' dir='ltr'>quia</span> <span class='ocrx_word' id='word_1_242' title='bbox 255 2595 404 2646; x_wconf 90' lang='lat' dir='ltr'>ducis</span> <span class='ocrx_word' id='word_1_243' title='bbox 441 2597 676 2664; x_wconf 89' lang='lat' dir='ltr'>partibus</span> <span class='ocrx_word' id='word_1_244' title='bbox 713 2597 939 2662; x_wconf 82' lang='lat' dir='ltr'>favebat,</span> <span class='ocrx_word' id='word_1_245' title='bbox 978 2597 1089 2664; x_wconf 89' lang='lat' dir='ltr'>regi</span> <span class='ocrx_word' id='word_1_246' title='bbox 1121 2598 1414 2665; x_wconf 90' lang='lat' dir='ltr'>ingressum</span> <span class='ocrx_word' id='word_1_247' title='bbox 1441 2599 1682 2665; x_wconf 81' lang='lat' dir='ltr'>negabat.</span> <span class='ocrx_word' id='word_1_248' title='bbox 1755 2599 1936 2651; x_wconf 87' lang='lat' dir='ltr'>Primo</span> 
     </span>
     <span class='ocr_line' id='line_1_37' title="bbox 93 2665 1935 2736; baseline 0.002 -22"><span class='ocrx_word' id='word_1_249' title='bbox 93 2682 218 2731; x_wconf 89' lang='lat' dir='ltr'>ergo</span> <span class='ocrx_word' id='word_1_250' title='bbox 254 2665 456 2733; x_wconf 89' lang='lat' dir='ltr'>impetu</span> <span class='ocrx_word' id='word_1_251' title='bbox 491 2665 722 2733; x_wconf 84' lang='lat' dir='ltr'>graviter</span> <span class='ocrx_word' id='word_1_252' title='bbox 771 2666 1076 2716; x_wconf 87' lang='lat' dir='ltr'>dimicatum</span> <span class='ocrx_word' id='word_1_253' title='bbox 1127 2674 1219 2717; x_wconf 90' lang='lat' dir='ltr'>est.</span> <span class='ocrx_word' id='word_1_254' title='bbox 1291 2666 1428 2717; x_wconf 87' lang='lat' dir='ltr'>Nam</span> <span class='ocrx_word' id='word_1_255' title='bbox 1479 2668 1762 2736; x_wconf 88' lang='lat' dir='ltr'>sagittariis</span> <span class='ocrx_word' id='word_1_256' title='bbox 1813 2667 1935 2718; x_wconf 91' lang='lat' dir='ltr'>hinc</span> 
     </span>
     <span class='ocr_line' id='line_1_38' title="bbox 91 2733 1933 2803; baseline 0.003 -20"><span class='ocrx_word' id='word_1_257' title='bbox 91 2733 212 2784; x_wconf 86' lang='lat' dir='ltr'>inde</span> <span class='ocrx_word' id='word_1_258' title='bbox 251 2733 534 2803; x_wconf 82' lang='lat' dir='ltr'>dispositis,</span> <span class='ocrx_word' id='word_1_259' title='bbox 574 2735 665 2803; x_wconf 91' lang='lat' dir='ltr'>qui</span> <span class='ocrx_word' id='word_1_260' title='bbox 699 2735 753 2784; x_wconf 91' lang='lat' dir='ltr'>in</span> <span class='ocrx_word' id='word_1_261' title='bbox 790 2752 940 2785; x_wconf 87' lang='lat' dir='ltr'>muro</span> <span class='ocrx_word' id='word_1_262' title='bbox 966 2735 1280 2786; x_wconf 88' lang='lat' dir='ltr'>resistebant</span> <span class='ocrx_word' id='word_1_263' title='bbox 1303 2735 1588 2787; x_wconf 85' lang='lat' dir='ltr'>missilibus</span> <span class='ocrx_word' id='word_1_264' title='bbox 1616 2738 1933 2789; x_wconf 89' lang='lat' dir='ltr'>sauciantur.</span> 
     </span>
     <span class='ocr_line' id='line_1_39' title="bbox 94 2801 1934 2875; baseline 0.003 -23"><span class='ocrx_word' id='word_1_265' title='bbox 94 2801 299 2866; x_wconf 77' lang='lat' dir='ltr'>Quibus</span> <span class='ocrx_word' id='word_1_266' title='bbox 354 2805 557 2868; x_wconf 87' lang='lat' dir='ltr'>amotis,</span> <span class='ocrx_word' id='word_1_267' title='bbox 611 2803 699 2854; x_wconf 92' lang='lat' dir='ltr'>alii</span> <span class='ocrx_word' id='word_1_268' title='bbox 751 2805 934 2855; x_wconf 88' lang='lat' dir='ltr'>intacti</span> <span class='ocrx_word' id='word_1_269' title='bbox 988 2804 1290 2869; x_wconf 90' lang='lat' dir='ltr'>succedunt,</span> <span class='ocrx_word' id='word_1_270' title='bbox 1346 2806 1487 2855; x_wconf 85' lang='lat' dir='ltr'>vices</span> <span class='ocrx_word' id='word_1_271' title='bbox 1533 2824 1742 2874; x_wconf 88' lang='lat' dir='ltr'>pugnae</span> <span class='ocrx_word' id='word_1_272' title='bbox 1791 2807 1934 2875; x_wconf 87' lang='lat' dir='ltr'>inge-</span> 
     </span>
     <span class='ocr_line' id='line_1_40' title="bbox 91 2871 1933 2941; baseline 0.003 -20"><span class='ocrx_word' id='word_1_273' title='bbox 91 2879 279 2923; x_wconf 88' lang='lat' dir='ltr'>rentes.</span> <span class='ocrx_word' id='word_1_274' title='bbox 353 2872 460 2923; x_wconf 78' lang='lat' dir='ltr'>Sed</span> <span class='ocrx_word' id='word_1_275' title='bbox 497 2880 548 2924; x_wconf 91' lang='lat' dir='ltr'>et</span> <span class='ocrx_word' id='word_1_276' title='bbox 584 2880 734 2924; x_wconf 87' lang='lat' dir='ltr'>extra</span> <span class='ocrx_word' id='word_1_277' title='bbox 769 2871 883 2923; x_wconf 87' lang='lat' dir='ltr'>telis</span> <span class='ocrx_word' id='word_1_278' title='bbox 921 2890 982 2922; x_wconf 88' lang='lat' dir='ltr'>ac</span> <span class='ocrx_word' id='word_1_279' title='bbox 1020 2872 1283 2941; x_wconf 88' lang='lat' dir='ltr'>lapidibus</span> <span class='ocrx_word' id='word_1_280' title='bbox 1331 2874 1500 2940; x_wconf 85' lang='lat' dir='ltr'>iactis,</span> <span class='ocrx_word' id='word_1_281' title='bbox 1551 2874 1786 2926; x_wconf 90' lang='lat' dir='ltr'>nonnulli</span> <span class='ocrx_word' id='word_1_282' title='bbox 1825 2875 1933 2927; x_wconf 85' lang='lat' dir='ltr'>affi-</span> 
     </span>
     <span class='ocr_line' id='line_1_41' title="bbox 93 2940 1935 3014; baseline 0.003 -24"><span class='ocrx_word' id='word_1_283' title='bbox 93 2940 302 2993; x_wconf 87' lang='lat' dir='ltr'>ciuntur</span> <span class='ocrx_word' id='word_1_284' title='bbox 337 2941 650 3010; x_wconf 91' lang='lat' dir='ltr'>ceduntque.</span> <span class='ocrx_word' id='word_1_285' title='bbox 726 2941 864 3010; x_wconf 84' lang='lat' dir='ltr'>Sepe</span> <span class='ocrx_word' id='word_1_286' title='bbox 901 2941 1152 2993; x_wconf 91' lang='lat' dir='ltr'>tumultus</span> <span class='ocrx_word' id='word_1_287' title='bbox 1190 2951 1515 3010; x_wconf 90' lang='lat' dir='ltr'>reparantur,</span> <span class='ocrx_word' id='word_1_288' title='bbox 1554 2962 1679 3013; x_wconf 87' lang='lat' dir='ltr'>sepe</span> <span class='ocrx_word' id='word_1_289' title='bbox 1716 2944 1784 2995; x_wconf 92' lang='lat' dir='ltr'>ad</span> <span class='ocrx_word' id='word_1_290' title='bbox 1817 2962 1935 3014; x_wconf 92' lang='lat' dir='ltr'>por-</span> 
     </span>
     <span class='ocr_line' id='line_1_42' title="bbox 92 3010 1936 3083; baseline 0.004 -25"><span class='ocrx_word' id='word_1_291' title='bbox 92 3015 187 3076; x_wconf 89' lang='lat' dir='ltr'>tas,</span> <span class='ocrx_word' id='word_1_292' title='bbox 226 3027 350 3079; x_wconf 90' lang='lat' dir='ltr'>sepe</span> <span class='ocrx_word' id='word_1_293' title='bbox 386 3010 455 3060; x_wconf 89' lang='lat' dir='ltr'>ad</span> <span class='ocrx_word' id='word_1_294' title='bbox 491 3029 700 3060; x_wconf 91' lang='lat' dir='ltr'>murum</span> <span class='ocrx_word' id='word_1_295' title='bbox 739 3012 1029 3061; x_wconf 88' lang='lat' dir='ltr'>comminus</span> <span class='ocrx_word' id='word_1_296' title='bbox 1068 3012 1352 3079; x_wconf 86' lang='lat' dir='ltr'>congressi.</span> <span class='ocrx_word' id='word_1_297' title='bbox 1433 3013 1628 3064; x_wconf 91' lang='lat' dir='ltr'>Animo</span> <span class='ocrx_word' id='word_1_298' title='bbox 1668 3014 1936 3083; x_wconf 90' lang='lat' dir='ltr'>utrimque</span> 
     </span>
     <span class='ocr_line' id='line_1_43' title="bbox 93 3076 1936 3151; baseline 0.004 -25"><span class='ocrx_word' id='word_1_299' title='bbox 93 3076 308 3145; x_wconf 89' lang='lat' dir='ltr'>feroces,</span> <span class='ocrx_word' id='word_1_300' title='bbox 345 3078 488 3130; x_wconf 92' lang='lat' dir='ltr'>nullo</span> <span class='ocrx_word' id='word_1_301' title='bbox 526 3079 683 3130; x_wconf 91' lang='lat' dir='ltr'>modo</span> <span class='ocrx_word' id='word_1_302' title='bbox 723 3079 907 3131; x_wconf 90' lang='lat' dir='ltr'>cedere</span> <span class='ocrx_word' id='word_1_303' title='bbox 943 3088 1157 3148; x_wconf 81' lang='lat' dir='ltr'>parant3</span> <span class='ocrx_word' id='word_1_304' title='bbox 1195 3099 1485 3150; x_wconf 91' lang='lat' dir='ltr'>numquam</span> <span class='ocrx_word' id='word_1_305' title='bbox 1523 3081 1624 3133; x_wconf 89' lang='lat' dir='ltr'>sibi</span> <span class='ocrx_word' id='word_1_306' title='bbox 1661 3101 1829 3151; x_wconf 90' lang='lat' dir='ltr'>usque</span> <span class='ocrx_word' id='word_1_307' title='bbox 1867 3082 1936 3133; x_wconf 88' lang='lat' dir='ltr'>ad</span> 
     </span>
     <span class='ocr_line' id='line_1_44' title="bbox 93 3145 1934 3220; baseline 0.004 -25"><span class='ocrx_word' id='word_1_308' title='bbox 93 3145 492 3200; x_wconf 85' lang='lat' dir='ltr'>internetionem</span> <span class='ocrx_word' id='word_1_309' title='bbox 549 3149 760 3215; x_wconf 88' lang='lat' dir='ltr'>cessuri,</span> <span class='ocrx_word' id='word_1_310' title='bbox 815 3149 915 3199; x_wconf 90' lang='lat' dir='ltr'>nisi</span> <span class='ocrx_word' id='word_1_311' title='bbox 967 3149 1401 3201; x_wconf 85' lang='lat' dir='ltr'>intercedentium</span> <span class='ocrx_word' id='word_1_312' title='bbox 1457 3150 1934 3220; x_wconf 88' lang='lat' dir='ltr'>supplicationibus</span> 
     </span>
     <span class='ocr_line' id='line_1_45' title="bbox 96 3213 881 3269; baseline 0.004 -4"><span class='ocrx_word' id='word_1_313' title='bbox 96 3213 299 3268; x_wconf 89' lang='lat' dir='ltr'>obsidio</span> <span class='ocrx_word' id='word_1_314' title='bbox 337 3216 507 3269; x_wconf 87' lang='lat' dir='ltr'>soluta</span> <span class='ocrx_word' id='word_1_315' title='bbox 543 3217 881 3269; x_wconf 86' lang='lat' dir='ltr'>discessisset.</span> 
     </span>
    </p>
   </div>
   <div class='ocr_carea' id='block_1_10' title="bbox 97 3323 1934 3417">
    <p class='ocr_par' dir='ltr' id='par_1_11' title="bbox 97 3323 1934 3417">
     <span class='ocr_line' id='line_1_46' title="bbox 194 3323 1934 3368; baseline 0 -10"><span class='ocrx_word' id='word_1_316' title='bbox 194 3325 230 3366; x_wconf 86' lang='lat' dir='ltr'>a)</span> <span class='ocrx_word' id='word_1_317' title='bbox 260 3327 306 3358; x_wconf 86' lang='lat' dir='ltr'>ab</span> <span class='ocrx_word' id='word_1_318' title='bbox 333 3330 415 3358; x_wconf 76' lang='lat' dir='ltr'>ante</span> <span class='ocrx_word' id='word_1_319' title='bbox 442 3327 678 3359; x_wconf 82' lang='lat' dir='ltr'>obsidionem</span> <span class='ocrx_word' id='word_1_320' title='bbox 705 3327 769 3359; x_wconf 82' lang='lat' dir='ltr'>del.</span> <span class='ocrx_word' id='word_1_321' title='bbox 798 3328 829 3357; x_wconf 89' lang='lat'>1.</span> <span class='ocrx_word' id='word_1_322' title='bbox 929 3323 967 3366; x_wconf 93' lang='lat' dir='ltr'>b)</span> <span class='ocrx_word' id='word_1_323' title='bbox 995 3329 1073 3364; x_wconf 72' lang='lat' dir='ltr'>post</span> <span class='ocrx_word' id='word_1_324' title='bbox 1100 3327 1181 3358; x_wconf 77' lang='lat' dir='ltr'>add.</span> <span class='ocrx_word' id='word_1_325' title='bbox 1283 3325 1316 3367; x_wconf 89' lang='lat' dir='ltr'>c)</span> <span class='ocrx_word' id='word_1_326' title='bbox 1343 3327 1368 3368; x_wconf 90' lang='lat' dir='ltr'>i,</span> <span class='ocrx_word' id='word_1_327' title='bbox 1397 3328 1410 3358; x_wconf 90' lang='lat' dir='ltr'>i</span> <span class='ocrx_word' id='word_1_328' title='bbox 1437 3328 1531 3359; x_wconf 79' lang='lat' dir='ltr'>absc.</span> <span class='ocrx_word' id='word_1_329' title='bbox 1646 3326 1683 3367; x_wconf 89' lang='lat' dir='ltr'>d)</span> <span class='ocrx_word' id='word_1_330' title='bbox 1712 3327 1811 3367; x_wconf 81' lang='lat' dir='ltr'>bem,</span> <span class='ocrx_word' id='word_1_331' title='bbox 1840 3327 1934 3367; x_wconf 88' lang='lat' dir='ltr'>obsi,</span> 
     </span>
     <span class='ocr_line' id='line_1_47' title="bbox 97 3373 1513 3417; baseline 0.002 -13"><span class='ocrx_word' id='word_1_332' title='bbox 97 3373 126 3405; x_wconf 85' lang='lat' dir='ltr'>it</span> <span class='ocrx_word' id='word_1_333' title='bbox 151 3374 241 3406; x_wconf 78' lang='lat' dir='ltr'>absc.</span> <span class='ocrx_word' id='word_1_334' title='bbox 341 3374 378 3417; x_wconf 92' lang='lat' dir='ltr'>e)</span> <span class='ocrx_word' id='word_1_335' title='bbox 406 3375 452 3406; x_wconf 86' lang='lat' dir='ltr'>ab</span> <span class='ocrx_word' id='word_1_336' title='bbox 479 3377 639 3414; x_wconf 82' lang='lat' dir='ltr'>Hugone</span> <span class='ocrx_word' id='word_1_337' title='bbox 669 3393 710 3399; x_wconf 90' lang='lat'>—</span> <span class='ocrx_word' id='word_1_338' title='bbox 742 3376 921 3414; x_wconf 87' lang='lat' dir='ltr'>episcopo</span> <span class='ocrx_word' id='word_1_339' title='bbox 950 3391 991 3398; x_wconf 94' lang='lat'><strong>—</strong></span> <span class='ocrx_word' id='word_1_340' title='bbox 1020 3376 1212 3413; x_wconf 87' lang='lat' dir='ltr'>ingressus</span> <span class='ocrx_word' id='word_1_341' title='bbox 1241 3375 1454 3414; x_wconf 82' lang='lat' dir='ltr'>negabatur</span> <span class='ocrx_word' id='word_1_342' title='bbox 1482 3378 1513 3407; x_wconf 89' lang='lat'>1.</span> 
     </span>
    </p>
   </div>
   <div class='ocr_carea' id='block_1_11' title="bbox 99 3450 1934 3567">
    <p class='ocr_par' dir='ltr' id='par_1_12' title="bbox 99 3450 1934 3567">
     <span class='ocr_line' id='line_1_48' title="bbox 222 3450 1934 3506; baseline 0.001 -13"><span class='ocrx_word' id='word_1_343' title='bbox 222 3453 264 3506; x_wconf 88' lang='grc'><strong>1)</strong></span> <span class='ocrx_word' id='word_1_344' title='bbox 297 3454 396 3494; x_wconf 93' lang='grc' dir='ltr'>Ηο0</span> <span class='ocrx_word' id='word_1_345' title='bbox 428 3454 642 3495; x_wconf 86' lang='lat' dir='ltr'>Richerus</span> <span class='ocrx_word' id='word_1_346' title='bbox 675 3453 865 3494; x_wconf 83' lang='lat' dir='ltr'>addidit.</span> <span class='ocrx_word' id='word_1_347' title='bbox 992 3450 1039 3503; x_wconf 75' lang='lat'>⁶2)</span> <span class='ocrx_word' id='word_1_348' title='bbox 1072 3454 1102 3492; x_wconf 88' lang='lat' dir='ltr'>i.</span> <span class='ocrx_word' id='word_1_349' title='bbox 1129 3466 1166 3493; x_wconf 88' lang='lat' dir='ltr'>e.</span> <span class='ocrx_word' id='word_1_350' title='bbox 1191 3453 1549 3495; x_wconf 70' lang='lat' dir='ltr'>silvanectensis.</span> <span class='ocrx_word' id='word_1_351' title='bbox 1674 3451 1724 3505; x_wconf 90' lang='lat'>3)</span> <span class='ocrx_word' id='word_1_352' title='bbox 1748 3451 1934 3494; x_wconf 75' lang='lat' dir='ltr'>Erluz&#39;no</span> 
     </span>
     <span class='ocr_line' id='line_1_49' title="bbox 99 3511 927 3567; baseline 0.002 -16"><span class='ocrx_word' id='word_1_353' title='bbox 99 3525 192 3551; x_wconf 82' lang='lat' dir='ltr'>cum</span> <span class='ocrx_word' id='word_1_354' title='bbox 221 3520 348 3564; x_wconf 80' lang='lat' dir='ltr'>parte</span> <span class='ocrx_word' id='word_1_355' title='bbox 379 3511 560 3554; x_wconf 75' lang='lat' dir='ltr'>‘militum</span> <span class='ocrx_word' id='word_1_356' title='bbox 592 3512 767 3567; x_wconf 78' lang='lat' dir='ltr'>Arnulfi</span> <span class='ocrx_word' id='word_1_357' title='bbox 798 3512 927 3554; x_wconf 85' lang='lat' dir='ltr'>Flod.</span> 
     </span>
    </p>
   </div>
  </div>
 </body>
</html>
