2240 3879
514 191 764 231 RIOHERI
798 191 1211 233 HISTORIARUM
1245 192 1425 232 LIBER
1459 193 1566 233 1111.
1876 195 1956 234 151

126 331 208 382 49.
281 327 637 379 Deliberatioa
676 329 1055 397 quorumdama
1092 328 1267 396 apuda
1306 348 1484 397 regem
1524 339 1714 398 supera
1747 329 1958 382 Karolo.

265 413 382 477 Qua
419 412 482 463 de
519 431 574 463 re
611 411 830 463 aliorum
879 413 1131 464 sententia
1169 420 1291 477 erat,
1338 430 1367 462 a
1406 412 1600 463 Karolo
1638 414 1748 464 viro
1788 413 2058 465 Clarob991.

128 490 177 533 et
212 483 355 550 regio
391 499 582 549 genere
627 481 804 533 inclito
843 484 986 532 eiusC
1029 482 1211 532 natosd
1251 499 1427 532 omnes
1466 499 1585 532 cum
1623 483 1843 534 natabus
1873 483 1959 534 ob-

129 550 266 602 sides
304 550 661 619 accipiendos3
702 550 985 620 petendum
1023 551 1181 600 etiam
1207 548 1272 600 ab
1301 569 1359 601 eo
1386 561 1783 616 sacramentum,
1824 564 1958 620 quoe

126 621 239 688 regi
264 619 421 670 fidem
440 619 621 685 faciat3
648 638 867 687 regnum
887 620 1141 669 Franciae
1161 638 1446 688 numquam
1468 638 1580 671 sese
1600 622 1958 688 repetiturum⁷

129 696 306 740 contra
341 698 492 740 natos
531 707 737 758 quoque
775 696 1139 740 testamentum
1179 688 1299 739 inde
1326 689 1602 740 facturum.
1663 691 1779 754 Quo
1805 689 1959 754 facto7

127 757 382 809 Karolum
402 757 783 823 dimittendum,
802 757 1096 808 censebant.
1111 756 1350 808 Aliorum
1363 776 1486 810 vero
1503 759 1777 810 sententiaf
1788 758 1960 810 huius-

127 827 271 878 modi
288 834 411 878 erat.
452 827 584 878 Tam
605 826 800 877 clarum
827 834 875 877 et
902 826 1102 895 antiqui
1126 828 1331 895 generis
1359 829 1528 878 virum
1554 846 1659 878 non
1693 846 1819 878 mox
1848 828 1961 878 red-

129 896 373 962 dendum7
412 896 498 948 sed
534 896 676 965 apud
713 914 891 963 regem
928 904 1035 947 tam
1062 895 1153 946 diu
1178 895 1491 951 habendum.
1531 897 1696 949 donec
1725 900 1812 967 qui
1852 899 1960 948 eius

129 967 422 1035 captionem
449 965 769 1032 indignaturi
790 965 926 1015 sinte-¹
947 975 1247 1033 appareant.
1291 967 1347 1016 Si
1369 985 1428 1017 eo
1450 985 1664 1017 numero
1687 976 1736 1018 ct
1755 968 1962 1018 nomine

127 1043 284 1104 atque
305 1036 437 1086 duce
455 1035 796 1102 premineant⁷
817 1042 873 1084 ut
892 1033 1092 1102 indigni
1112 1052 1217 1085 non
1238 1036 1339 1086 sint
1360 1037 1447 1104 qui
1462 1036 1634 1087 hostes
1649 1038 1785 1104 regis
1801 1038 1962 1087 Fran-

129 1122 309 1156 corum
346 1104 598 1168 dicantur,
649 1104 755 1153 sive
793 1102 1062 1154 inferiores
1113 1105 1228 1169 sint,
1279 1104 1667 1156 attendendum.
1744 1106 1801 1156 Si
1839 1123 1961 1174 ergo

125 1175 281 1244 pauci
318 1182 367 1225 et
403 1173 672 1224 inferiores
710 1171 1061 1241 indignentur,
1097 1173 1379 1225 tenendum
1418 1175 1720 1239 censebant:
1761 1175 1803 1224 si
1840 1192 1962 1225 vero

126 1245 349 1294 maiores
387 1249 438 1293 et
475 1260 631 1310 quam
668 1240 859 1310 plures,
896 1241 1220 1294 reddendum
1260 1244 1550 1311 superiori⁰
1587 1245 1822 1294 rationec
1852 1261 1963 1294 sua-

128 1311 337 1364 debant.
420 1310 674 1361 Karolum
722 1329 844 1378 ergo
893 1329 1009 1362 cum
1059 1330 1222 1363 uxore
1260 1311 1515 1363 Adelaide
1567 1321 1617 1364 et
1651 1312 1755 1363 filio
1794 1312 1965 1363 Ludo-

127 1382 246 1432 vico
313 1389 364 1432 et
415 1379 622 1431 filiabus
678 1379 904 1447 duabus,
962 1400 1181 1450 quarum
1237 1381 1397 1433 altera
1451 1381 1747 1449 Gerberga,
1805 1381 1963 1433 altera

127 1449 398 1502 Adelaidis
436 1450 719 1515 dicebatur,
757 1467 959 1501 necnon
998 1459 1047 1502 et
1071 1449 1288 1502 Arnulfo
1327 1461 1515 1520 nepote
1544 1452 1742 1502 carceri
1769 1450 1913 1502 dedit
1933 1461 1964 1502 ¹.

182 1533 262 1586 50.
335 1535 447 1585 *De
483 1533 821 1586 difficultateh
868 1536 947 1655 581
992 1536 1190 1586 itineris
1212 1536 1233 1567 ¹¹
1280 1534 1380 1586 abh
1425 1534 1591 1587 urbeh
1629 1535 1913 1586 Remorum

916 1612 1164 1655 ,amotum
1180 1605 1217 1654 ¹¹.

268 1684 426 1738 Antei
472 1687 656 1738 horum
708 1689 1000 1756 captionem
1051 1689 1235 1740 diebus
1282 1688 1443 1740 ferme
1495 1690 1581 1752 14,
1632 1706 1752 1739 cum
1801 1688 1965 1740 avidi-

128 1762 234 1808 tate
273 1756 505 1808 discendi
540 1755 763 1824 logicam
789 1758 1138 1827 Yppacratisk
1167 1757 1299 1810 Choi
1325 1757 1389 1808 de
1417 1757 1620 1808 studiisl
1668 1757 1969 1810 liberalibus

132 1844 287 1895 saepe
327 1836 377 1878 et
425 1825 645 1876 inultum
695 1828 995 1895 cogitarem,
1049 1827 1273 1896 quadam
1321 1826 1403 1878 die
1454 1828 1681 1895 equitem
1730 1827 1965 1879 Carnoti-

129 1905 301 1946 numm
338 1896 391 1945 in
428 1894 555 1946 urbe
581 1896 862 1947 Remorum
902 1897 1103 1964 positus
1143 1896 1350 1947 offendi.
1426 1896 1531 1960 Qui
1569 1915 1597 1947 a
1635 1915 1716 1948 me
1755 1898 1968 1948 interro-

129 1972 298 2033 gatus,
343 1965 456 2032 quis
494 1973 544 2016 et
581 1966 727 2016 cuius
766 1974 917 2031 esset7
970 1984 1062 2016 cur
1100 1974 1149 2016 et
1184 1965 1321 2016 unde
1358 1967 1599 2030 venisset,
1649 1965 1970 2017 Heribrandi

133 2033 305 2085 clerici
343 2033 678 2086 Carnotensis
722 2033 951 2103 legatum
1000 2053 1111 2086 sese
1159 2042 1208 2086 et
1243 2035 1467 2085 Richero
1518 2034 1698 2086 Sancti
1735 2035 1965 2103 Remigii

131 2103 385 2154 monacho
425 2122 480 2155 se
515 2102 645 2155 velle
682 2102 840 2173 loqui,
879 2104 1162 2172 respondit.
1237 2104 1352 2173 Ego
1397 2122 1523 2155 mox
1570 2105 1727 2154 amici
1775 2123 1966 2155 nomen

131 2180 183 2224 et
218 2172 491 2241 legationis
530 2192 745 2224 causam
793 2173 1084 2239 advertens,
1130 2192 1213 2225 me
1228 2184 1249 2207 ¹¹
1302 2191 1456 2242 quem
1508 2173 1792 2242 querebatn
1839 2174 1970 2224 indi-

131 2243 261 2308 cavi,
300 2242 559 2310 datoquen
604 2242 795 2308 osculo,
844 2250 1075 2294 secreten
1122 2244 1481 2294 secessimusss.
1559 2241 1652 2293 Ille
1695 2262 1820 2294 mox
1865 2245 1969 2312 epi-

1991 1556 2001 1567 '
2018 1556 2082 1589 fol.
2112 1557 2170 1589 49.

1991 1706 2098 1737 Mart.

133 2310 319 2362 stolam
382 2311 598 2380 protulit
657 2311 997 2362 hortatoriam
1058 2311 1126 2362 ad
1186 2312 1606 2381 aphorismorum
1672 2311 1988 2364 lectionem..

130 2380 285 2432 Unde
336 2388 387 2431 et
431 2398 527 2447 ego
577 2380 861 2431 admodum
909 2381 1156 2446 laetatus,
1211 2388 1480 2448 assumpto
1530 2381 1756 2450 quodam
1804 2399 1967 2450 puero

134 2468 252 2500 cum
304 2448 585 2499 Carnotino
636 2451 841 2518 equite,
896 2452 994 2501 iter
1047 2449 1333 2501 Cal-notum
1354 2459 1371 2482 0
1427 2450 1658 2518 arripere
1714 2449 1964 2519 disposui.

132 2519 415 2587 Digressus
452 2527 643 2584 autem,
683 2518 749 2568 ab
787 2518 1006 2570 abbate0
1045 2537 1160 2569 meo
1181 2529 1197 2554 2
1246 2520 1398 2569 unius
1443 2527 1645 2570 tantum
1691 2520 1968 2587 parvaredi

133 2587 376 2639 solatium
413 2588 610 2656 accepi.
682 2587 923 2638 Nummis
963 2588 1132 2651 etiam,
1184 2589 1471 2638 mutatoriis
1517 2589 1835 2657 ceterisquel‘
1881 2607 1967 2640 ne-

134 2657 371 2709 cessariis
415 2674 637 2722 vacuus,
687 2655 998 2707 Orbatium3
1045 2657 1275 2726 perveni,
1322 2656 1497 2708 locum
1544 2657 1703 2709 multa
1756 2659 1967 2710 caritate

130 2726 385 2777 inclitum.
475 2725 661 2794 Ibique
716 2725 894 2776 domni
952 2724 1155 2777 abbatis
1211 2725 1311 2776 D.⁴
1373 2725 1631 2795 colloquio
1690 2737 1968 2793 recreatus,

135 2795 393 2864 simulque
430 2798 512 2847 *et
546 2794 899 2846 munificentia
937 2803 1264 2859 sustentatus,
1315 2796 1368 2844 in
1406 2798 1631 2848 crastino
1670 2797 1766 2848 iter
1802 2815 1966 2865 usque

135 2864 353 2916 Meldim
399 2863 758 2934 peragendum
805 2865 1016 2932 arripui.
1100 2865 1372 2932 Ingressus
1421 2883 1544 2916 vero
1591 2883 1711 2917 cum
1759 2866 1962 2917 duobus

233 2968 270 3010 a)
297 2969 398 3010 Deli,
427 2977 511 3008 quo,
539 2976 624 3008 apu,
651 2976 764 3007 super
789 2969 878 3000 absc.
1017 2966 1055 3008 b)
1085 2970 1186 3000 cloro
1213 2979 1238 3002 c.
1375 2968 1407 3010 c)
1432 2974 1512 3009 post
1535 2970 1615 3001 add.
1740 2968 1776 3010 d)
1808 2978 1840 3001 o.
1870 2979 1907 3000 n.
1938 2979 1970 3001 o.

136 3027 167 3049 c.
193 3028 229 3051 11.
257 3027 290 3049 a.
321 3019 352 3048 1.
464 3016 498 3056 e)
528 3025 601 3054 quo
629 3017 674 3048 de
702 3017 873 3047 omnibus
902 3017 974 3048 sibi
1002 3018 1210 3049 obiciendis
1241 3021 1272 3049 1.
1394 3018 1421 3057 f)
1452 3020 1571 3050 sentia
1598 3027 1690 3048 corr.
1721 3019 1909 3050 sententia
1939 3027 1969 3050 e.

138 3065 176 3107 g)
199 3064 232 3098 s‘t
255 3076 281 3100 c.
380 3064 418 3106 h)
447 3066 576 3105 ultate,
604 3066 634 3095 is
663 3065 707 3095 ab
736 3074 790 3105 ur,
818 3069 948 3096 notum
977 3066 1069 3097 absc.
1170 3065 1197 3107 i)
1226 3067 1292 3099 fol.
1319 3067 1377 3097 49.
1407 3068 1463 3100 50.
1491 3072 1520 3098 ec
1541 3076 1658 3106 parra
1686 3067 1825 3097 scedula
1845 3066 1880 3105 f.
1913 3066 1969 3098 51.

132 3119 214 3154 post
245 3117 380 3146 inserta
415 3118 509 3145 sum.
636 3112 675 3154 k)
703 3114 753 3143 ita
779 3123 806 3145 c.
934 3113 960 3154 1)
991 3115 1105 3146 studii
1135 3117 1165 3145 1.
1287 3114 1337 3155 m)
1376 3115 1617 3147 Carnotiuam
1659 3117 1689 3147 1.
1803 3118 1840 3151 n}
1873 3116 1971 3155 (cum

136 3164 204 3195 illo
233 3167 315 3203 post
349 3161 444 3203 add.)
483 3164 627 3194 secrete
663 3160 706 3203 (2²)
744 3164 966 3193 secessimus
997 3165 1035 3202 1,
1071 3163 1196 3202 quibus
1234 3164 1349 3194 deletis
1376 3173 1434 3195 me
1464 3181 1505 3187 —
1543 3165 1767 3195 secessimus
1794 3163 1828 3193 in
1859 3172 1970 3202 marg.

137 3213 238 3250 add„
274 3213 334 3243 ubi
361 3212 479 3252 rebat,
516 3211 689 3251 datoque,
727 3216 839 3251 crete,
866 3220 909 3242 us
937 3212 1029 3243 absc.
1145 3212 1179 3253 o)
1205 3215 1240 3243 Ξῖ
1267 3215 1314 3242 ffi.
1341 3222 1369 3242 c.
1469 3212 1507 3252 p)
1538 3212 1764 3250 ceteriisque
1792 3221 1820 3243 c.

262 3294 306 3349 1)
343 3296 408 3336 Cf.
430 3297 548 3349 Hug.
572 3296 690 3337 Flor.
724 3295 828 3344 1.1.;
865 3295 990 3336 aliter
1021 3297 1136 3336 Hist.
1173 3296 1346 3345 Senon„
1382 3310 1418 3336 c.
1444 3297 1483 3345 6,
1518 3310 1559 3348 p.
1585 3294 1683 3334 368.
1811 3295 1855 3344 2)
1888 3294 1966 3334 Ar·

140 3355 271 3397 bodo.
366 3355 413 3409 3)
449 3358 604 3398 Orbais
637 3370 771 3409 prope
803 3357 917 3395 viam
952 3369 1155 3408 magnam
1189 3369 1299 3408 quae
1336 3356 1591 3396 Catalaunis
1623 3354 1794 3394 Meldos
1829 3354 1969 3404 ducit3

140 3417 383 3456 Matronam
425 3418 559 3469 igitur
597 3419 734 3470 primo
780 3416 849 3455 die
890 3417 1113 3469 Sparnaci,
1158 3416 1292 3456 altero
1332 3416 1388 3456 ad
1431 3415 1671 3456 Castellum
1709 3414 1971 3455 Theodorici

140 3477 363 3517 transiisse
394 3477 579 3519 videtur.
613 3477 664 3517 P.
790 3475 837 3529 4)
871 3477 1039 3517 Nomen
1070 3478 1267 3529 ignotum
1302 3481 1380 3517 est.

1990 2819 2001 2830 ⁸
2019 2830 2059 2860 p.
2087 2821 2166 2854 643.
