2240 3879
66 2058 80 2074 ⁸
94 2071 130 2102 p.
160 2063 244 2095 619.

67 2106 160 2145 ‘fol.
182 2112 242 2144 36.

267 247 352 285 104
693 242 948 284 RICHERI
980 241 1401 284 HISTORIARUM
1432 242 1616 283 LIBER
1648 245 1735 289 111.

263 384 431 435 aereis
456 381 559 433 filis
598 383 868 453 signorum
906 383 1103 451 figuras
1140 382 1494 453 complicavit.
1556 384 1798 455 Axisque
1833 384 1950 437 1000
1975 386 2120 438 fistu-

264 452 369 504 lam
407 452 628 517 traiecit,
668 472 764 522 per
802 471 961 522 quam
997 452 1151 522 polus
1191 453 1430 505 caelestis
1477 462 1763 522 notaretur,
1813 463 1867 507 ut
1903 473 1964 507 eo
2002 474 2119 525 per-

267 532 448 592 specto
500 522 747 574 machina
810 521 953 574 caelo
1004 530 1289 591 aptaretur.
1377 523 1531 575 Unde
1583 531 1634 576 et
1680 524 1880 576 factum
1918 532 2013 591 est,
2061 533 2122 577 ut

268 591 598 662 singulorum
654 593 924 661 signorum
974 591 1153 644 stellae
1222 593 1443 662 singulis
1498 593 1656 644 huius
1716 612 1900 663 sperae
1955 595 2120 663 signis

268 661 654 714 clauderentur.
709 660 847 713 Illud
887 680 1098 731 quoque
1135 662 1191 713 in
1227 662 1326 714 hac
1364 663 1600 714 divinum
1637 663 1753 727 fuit,
1798 663 1957 733 quod,
1997 682 2119 716 cum

264 730 454 801 aliquis
505 741 671 784 artem
717 732 1001 799 ignoraret,
1054 732 1098 782 si
1148 751 1313 784 unum
1360 734 1408 784 ei
1458 733 1667 800 signum
1705 733 2121 785 demonstratum

262 800 414 868 foret,
453 801 655 871 absque
693 801 944 869 magistro
985 809 1158 852 cetera
1195 821 1290 871 per
1328 821 1534 871 speram
1575 810 1933 871 cognosceret.
1987 802 2121 856 Inde

266 872 424 924 etiam
481 889 602 922 suos
663 869 951 922 liberaliter
1005 872 1270 924 instruxit.
1367 871 1545 942 Atque
1599 872 1731 924 haec
1784 880 2000 924 actenus
2056 873 2123 925 de

264 941 598 994 astronomia.

846 1040 929 1090 54.
988 1038 1297 1093 Confectioa
1333 1043 1536 1095 abacia.

402 1124 466 1175 In
503 1126 791 1193 geometria
828 1126 994 1177 vero*
1031 1145 1137 1178 non
1174 1128 1348 1179 minor
1383 1129 1439 1179 in
1475 1127 1717 1180 docendo
1752 1124 1903 1178 labor
1928 1145 2126 1196 expen-

267 1212 356 1245 sus
396 1203 487 1248 est.
565 1194 728 1246 Cuius
766 1195 1145 1248 introductioni
1183 1196 1426 1262 abacum,
1465 1197 1520 1249 id
1557 1206 1637 1249 est
1661 1196 1896 1249 tabulam
1922 1196 2123 1248 dimen-

266 1263 501 1315 sionibus
553 1273 748 1332 aptam,
802 1284 959 1334 opere
1010 1267 1227 1318 scutarii
1275 1268 1496 1320 effecitl.
1590 1267 1756 1319 Cuius
1804 1265 2123 1336 longitudini

263 1334 319 1384 in
355 1334 420 1385 27
460 1333 699 1403 partibus
738 1335 984 1387 diductae
1031 1354 1223 1388 novem
1259 1356 1480 1390 numero
1518 1346 1669 1389 nota-s
1707 1355 1916 1388 omnem
1940 1355 2123 1389 nume-

263 1422 381 1454 rum
419 1403 776 1473 significantes
804 1405 1081 1475 disposuit.
1154 1405 1240 1458 Ad
1273 1426 1494 1477 quarum
1534 1408 1692 1459 etiam
1726 1405 2124 1459 similitudinem

262 1472 405 1525 mille
463 1491 682 1525 corneos
739 1475 913 1526 effecit
970 1483 1277 1542 caracteres,
1335 1479 1425 1546 qui
1478 1497 1574 1547 per
1629 1479 1693 1528 27
1740 1476 1891 1527 abaci
1944 1484 2125 1546 partes

263 1544 504 1606 mutuati,
528 1545 784 1612 cuiusque
806 1546 1009 1596 numeri
1038 1545 1527 1615 multiplicationem
1556 1547 1668 1597 sive
1695 1546 2011 1597 divisionem
2038 1546 2124 1598 de-

263 1613 533 1681 signa-rent
548 1632 557 1678 3
574 1621 718 1664 tanto
736 1614 1049 1683 compendio
1065 1633 1407 1668 numerorum
1422 1615 1813 1667 multitudinem
1831 1615 2127 1668 dividentes

262 1682 348 1734 vel
385 1681 813 1752 multiplicantes,
849 1693 908 1735 ut
943 1702 1037 1753 pre
1075 1685 1239 1736 nimia
1275 1687 1653 1738 numerositate
1691 1686 1871 1755 potius
1902 1684 2123 1755 intelligi

266 1770 423 1821 quam
474 1752 650 1805 verbis
697 1753 933 1805 valerent
981 1754 1204 1807 ostendi.
1292 1756 1533 1821 Quorum
1585 1756 1859 1808 scientiam
1948 1756 2004 1806 ui
2052 1754 2123 1807 ad

259 1821 477 1891 plenum
529 1823 662 1874 scire
713 1823 993 1890 desiderat,
1039 1824 1180 1894 legat
1217 1827 1329 1878 eius
1377 1826 1588 1892 librum,
1641 1844 1797 1895 quem
1836 1825 1938 1877 scri
1979 1825 2020 1877 it
2054 1824 2123 1876 ad

263 1892 706 1944 Constantinumb
745 1895 1152 1963 grammaticum
1170 1905 1204 1947 ².
1286 1896 1369 1948 Ibi
1409 1898 1550 1948 enim
1586 1896 1719 1948 haec
1758 1896 1884 1948 satis
1922 1895 2125 1948 habun-

262 1961 553 2031 danterque
590 1970 811 2014 tractata
847 1964 1094 2016 inveniet.

452 2063 471 2072 -r

379 2063 496 2114 ²³55).
551 2062 597 2113 F
600 2073 760 2113 amac
801 2062 1048 2116 Gerberti
1085 2083 1182 2134 per
1221 2064 1423 2117 Gallias
1463 2073 1513 2117 et
1548 2064 1757 2117 Italiam
1797 2065 2004 2117 diffusa.

437 2147 702 2199 Fervebat
787 2148 1005 2215 studiis,
1119 2168 1475 2220 numerusque
1588 2149 1970 2219 discipulorum
2068 2151 2123 2200 in

262 2214 374 2267 dies
425 2216 781 2268 accrescebat.
876 2219 1082 2269 Nomen
1139 2220 1295 2271 etiam
1351 2221 1484 2272 tanti
1534 2220 1765 2272 doctoris
1818 2218 2121 2271 ferebaturd

261 2303 368 2336 non
407 2285 575 2337 solum
623 2305 718 2355 per
766 2286 983 2354 Gallias,
1032 2288 1123 2339 sed
1177 2290 1335 2340 etiam
1381 2308 1476 2358 per
1527 2289 1845 2342 Germaniae
1894 2289 2122 2359 populos

261 2354 594 2409 dilatabatur.
662 2356 996 2427 Transiitque
1034 2377 1129 2427 per
1165 2358 1330 2428 Alpes
1369 2378 1431 2410 ac
1470 2359 1783 2412 diffunditur
1818 2360 1874 2409 in
1913 2359 2120 2411 Italiam

259 2443 426 2494 usque
465 2424 783 2477 Thirrenum
823 2436 874 2479 et
910 2428 1260 2479 Adriaticum.
1350 2429 1470 2494 Quo
1518 2439 1756 2498 tempore
1804 2428 2017 2481 Otricus
2063 2430 2122 2480 in

261 2494 495 2546 Saxonia
541 2496 766 2565 insignis
817 2497 1113 2549 habebatur
1129 2507 1162 2549 3.
1249 2498 1355 2550 Hic
1407 2518 1530 2550 cum
1575 2499 1877 2569 philosophi
1922 2499 2120 2550 famam

259 2564 493 2617 audisset
555 2565 981 2638 adverteretque,
1047 2568 1188 2639 quod
1242 2569 1298 2619 in
1366 2571 1509 2621 omni
1575 2570 1931 2639 disputatione
2006 2575 2123 2620 rata

257 2653 435 2687 rerum
474 2635 733 2688 divisione
759 2644 1009 2705 uteretur,
1049 2637 1242 2705 agebat
1267 2640 1413 2708 apud
1439 2658 1576 2704 suos,
1615 2648 1673 2692 ut
1710 2638 1918 2709 aliquae
1942 2657 2119 2691 rerum

258 2705 549 2756 divisarum
598 2705 800 2773 figurae
856 2707 922 2760 ab
983 2707 1139 2759 scolis
1189 2707 1491 2778 philosophi
1529 2709 1633 2761 sibi
1670 2709 2013 2777 deferrentur,
2069 2715 2122 2760 et

257 2775 490 2826 maxime
539 2775 923 2846 philosophiae,
975 2796 1036 2830 eo
1090 2778 1233 2847 quod
1277 2779 1332 2829 in
1381 2788 1497 2831 rata
1542 2780 1653 2832 eius
1704 2779 1964 2832 divisione
2000 2797 2120 2849 per-

381 2940 418 2994 *)
454 2942 577 2982 cuius
596 2943 705 2983 nihil
723 2949 824 2984 ante
847 2945 1022 2986 Galliae
1045 2946 1256 3000 scriptum
1275 2946 1515 2998 habebant,
1536 2950 1726 3000 quantus
1749 2945 1874 2988 labor
1899 2958 2120 3000 expensus

456 3003 524 3051 sit,
560 3017 701 3045 sermo
735 3006 877 3058 impar
912 3006 1061 3047 dicere
1094 3020 1182 3048 non
1216 3007 1380 3049 sufficit
1415 3009 1455 3049 1.

356 3136 391 3177 a)
435 3137 577 3180 Conse,
613 3139 646 3169 ci
681 3140 772 3171 absc.
812 3179 815 3182 Ι
899 3140 937 3181 b)
979 3142 1019 3175 C.
1059 3152 1090 3175 c.
1230 3142 1264 3184 0)
1303 3153 1393 3184 quae
1427 3148 1629 3184 sequuntur
1655 3144 1694 3175 in
1721 3143 1818 3183 solio
1861 3147 1946 3183 post
1981 3143 2118 3183 adJ'ecto

256 3186 389 3226 scripta
425 3192 520 3219 sunt.
647 3188 685 3227 d)
714 3189 833 3220 fertur
862 3209 903 3213 —-
932 3191 1128 3224 dilatatur.
1181 3193 1413 3233 Transitque
1442 3195 1474 3225 1.

382 3301 426 3354 1)
463 3302 530 3342 Cf.
568 3302 766 3352 Chasles,
800 3305 1096 3358 ‘Explication
1132 3307 1209 3348 des
1241 3307 1395 3350 traites
1429 3308 1484 3349 de
1505 3307 1717 3358 l’abacus,
1747 3314 1790 3348 et
1811 3305 2118 3361 particuliere'-

256 3367 377 3402 ment
411 3363 468 3403 du
500 3363 628 3404 traite'
665 3363 718 3404 de
745 3365 942 3406 Gerbert’
978 3366 1123 3420 (Paris
1160 3368 1290 3410 1843.
1325 3368 1389 3424 4).
1485 3368 1531 3422 2)
1566 3370 1635 3409 De
1671 3369 1887 3409 divisione
1911 3381 2114 3409 numero·

258 3434 376 3473 rum3
411 3438 451 3464 v.
478 3424 640 3465 Olleris
673 3439 716 3479 p.
741 3426 827 3464 349
853 3440 950 3480 sqq.
1045 3425 1094 3482 3)
1128 3430 1198 3469 De
1233 3444 1318 3483 quo
1355 3431 1410 3471 cf.
1432 3431 1620 3471 Thietm.
1655 3429 1741 3478 III,
1775 3427 1817 3469 8.
1852 3430 1929 3481 VI,
1963 3430 2034 3472 26.
2070 3434 2116 3471 et

256 3483 578 3598 V.5.1}3‹33lberti
623 3499 663 3526 a.
698 3486 895 3527 Iohanne
932 3501 969 3529 c.
1002 3488 1028 3528 3
1075 3490 1178 3544 (SS.
1212 3491 1290 3542 IV,
1325 3505 1368 3546 p.
1405 3490 1529 3545 582),
1577 3503 1618 3531 a.
1653 3491 1863 3532 Brunone
1899 3505 1936 3532 0.
1971 3491 1997 3532 5
2031 3489 2113 3545 (ib.

257 3556 299 3596 p.
444 3575 453 3585 .
