2240 3879
342 239 394 277 16
764 233 1014 274 RIOHERI
1047 231 1464 273 HISTORIARUM
1496 232 1680 273 LIBER
1713 232 1749 273 I.
2232 159 2240 298 ἒ

228 391 310 423 920.
330 375 593 427 dilabitur.
668 374 773 440 Qui
808 390 931 424 vero
969 376 1328 422 remanserant
1351 370 1493 436 victi,
1530 371 1695 439 portis
1731 389 1859 423 mox
1883 370 2178 441 patefactiS,
2233 320 2240 424 l

328 443 728 514 metropolitano
768 442 978 511 cedunt.
1051 441 1250 510 Eisque
1288 440 1493 504 eiectis,
1542 457 1662 491 suos
1699 441 1775 493 ibi
1812 442 2057 511 deposuit
2116 458 2179 493 ac
2232 443 2233 470 ³

327 515 391 567 de
432 522 536 568 toto
575 533 713 584 pago
752 510 1094 564 Erlebaldum
1130 509 1411 580 profugum
1450 508 1783 563 disturbavit.

390 634 471 686 120.
545 631 631 684 Ad
667 631 911 682 Renuma
947 633 1129 677 mutua
1173 625 1394 706 petit-ioa
1430 643 1492 677 ac
1531 624 1771 677 comitisa
1806 619 2112 678 Erlebaldia

1149 713 1359 747 occisio.

463 788 581 839 Rex
616 786 671 836 in
707 801 905 854 pagum
929 781 1377 847 W'armacensem,
1414 778 1684 831 locuturus
1710 779 1960 831 Heinrico
1987 780 2181 831 Trans-

326 857 592 921 rhenensi,
644 860 1023 906 concesseratl.
1097 851 1218 901 Huc
1271 868 1481 920 quoque
1518 848 1831 902 Erlebaldus
1882 866 2056 901 comes
2093 848 2182 900 ad-

327 928 486 992 venit,
525 923 668 994 apud
703 940 884 991 regem
921 920 1298 989 deploraturus
1339 939 1368 971 a
1406 920 1746 972 Remensium
1782 917 2180 987 metropolitano

330 1016 441 1049 sese
478 994 775 1046 immaniter
812 990 1065 1043 habitum.
1138 990 1420 1042 Heinricus
1475 989 1618 1058 apud
1654 1007 1832 1059 regem
1870 988 1968 1040 de*
2003 1006 2181 1040 rerum

328 1063 758 1135 dispositionibus
785 1059 1086 1112 fidelissime
1114 1059 1401 1128 satagebat.
1476 1060 1576 1112 Cui
1612 1060 1689 1111 rei
1727 1077 1848 1111 cum
1895 1058 2184 1110 admodum

328 1135 645 1201 intenderet,
703 1134 1088 1184 Germanorum
1139 1129 1518 1200 Gallorumque
1575 1129 1791 1181 iuvenes
1846 1127 2182 1196 linguarumh

329 1205 615 1257 idiomateb
656 1202 855 1264 offensi,
893 1210 952 1252 ut
988 1218 1168 1252 eorum
1206 1217 1320 1250 mos
1360 1207 1453 1266 est,
1493 1217 1613 1251 cum
1650 1197 1816 1250 multa
1852 1198 2183 1250 animositate
2228 1201 2230 1205 ’

330 1274 620 1328 maledictis
678 1291 791 1325 sese
843 1270 1123 1323 lacessire0
1173 1276 1472 1338 coeperunt.
1576 1268 1922 1337 Consertique
1979 1266 2182 1337 gladios

332 1354 569 1409 exerunt,
607 1361 668 1394 ac
706 1362 758 1395 se
775 1342 797 1374 (ἱ
836 1341 1026 1406 adorsi,
1062 1338 1320 1391 loetaliter
1356 1340 1608 1391 sauciant.
1690 1339 1753 1389 In
1792 1355 1895 1407 quo
1942 1335 2187 1403 tumultU,

332 1433 451 1467 cum
489 1415 555 1466 ad
591 1413 736 1464 litem
774 1410 1061 1463 sedandam
1087 1408 1399 1462 Erlebaldus
1427 1427 1602 1461 comes
1630 1407 1920 1472 accederet,
1959 1426 1990 1458 a
2015 1405 2188 1458 furen-

332 1486 471 1537 tibus
510 1484 715 1535 occisus
755 1488 847 1534 est.
919 1480 1036 1532 Rex
1074 1478 1429 1548 proditionem
1464 1487 1625 1545 ratuS,
1667 1478 1812 1530 ocius
1851 1477 2020 1546 surgit
2057 1476 2187 1528 suis-

333 1573 434 1623 que
485 1555 723 1622 stipatur.
805 1550 1090 1601 Heinricus
1139 1567 1264 1600 vero
1321 1547 1499 1599 dolum
1521 1551 1570 1572 ²⁸*
1628 1548 1914 1613 arbitrans,
1966 1545 2188 1598 classem

331 1625 519 1692 repetit
547 1630 704 1691 atque
732 1638 763 1670 a
787 1620 946 1688 regiis
974 1617 1316 1686 stipatoribus
1341 1618 1583 1669 Rhenum
1620 1619 1842 1670 transire
1880 1617 2087 1687 cogitur
2100 1616 2188 1666 ***.
2227 1642 2229 1647 2

331 1693 755 1745 Existimabante
796 1690 935 1741 enim
973 1687 1058 1738 hie
1098 1688 1188 1757 qui
1232 1688 1345 1756 regi
1383 1687 1760 1752 assistebante,
1817 1705 1937 1738 eum
1974 1687 2030 1737 in
2067 1685 2187 1737 dolo
2224 1750 2227 1753 Δ

332 1763 554 1815 venisse.
625 1760 675 1811 A
717 1777 819 1829 quo
856 1759 1013 1811 etiam
1051 1757 1319 1826 temporef
1355 1756 1552 1808 Karolo
1590 1757 1808 1809 infestus
1844 1755 2127 1808 ferebatur.

154 1878 445 1937 ‘p.5÷e.*21.
518 1876 901 1928 Desertorumg
950 1872 1132 1926 dolosa
1167 1874 1318 1994 1Ἑὲἐὲ
1354 1871 1552 1924 Karolo
1599 1872 1872 1943 persuasio
1910 1870 1976 1923 de
2012 1870 2191 1939 Haga-

995 1945 1183 1996 nonisg
1219 1961 1251 1994 a
1291 1944 1529 1995 iectione.

475 2032 615 2082 Hinc
670 2031 846 2099 itaque
899 2029 1176 2095 Heinrico,
1249 2027 1372 2079 inde
1429 2028 1681 2080 Rotberto
1743 2026 1876 2079 duce
1921 2024 2226 2078 Karolushv

336 2101 637 2170 urgebatur.
710 2101 1013 2168 Factusque
1040 2117 1220 2151 eorum
1250 2096 1472 2164 medius,
1510 2098 1776 2166 utrimque
1801 2095 2139 2166 premebatur
2154 2104 2190 2145 ².

340 2173 467 2223 Post
510 2171 640 2223 haec
696 2169 763 2221 ad
811 2170 1060 2221 interiora
1109 2167 1356 2237 Belgicae
1402 2167 1639 2233 rediens,
1689 2167 1820 2219 urbe
1873 2165 2192 2218 Suessonica

342 2259 453 2293 sese
498 2241 711 2309 recipit,
769 2238 988 2290 multam
1037 2238 1128 2290 exi
1177 2236 1480 2289 huiusmodi
1525 2236 1809 2289 infortunio
1874 2235 2017 2305 apud
2067 2252 2190 2288 suos

340 2311 545 2380 agitans
584 2308 898 2380 quaerelam.
972 2308 1096 2360 Huc
1134 2309 1290 2360 etiam
1323 2325 1389 2358 ex
1413 2307 1631 2377 Belgica
1669 2325 1771 2377 quo
1801 2304 2033 2358 Celticae
2070 2323 2186 2358 con·
2226 2327 2228 2330 ’

342 2380 529 2432 limitat
565 2389 723 2449 atque
762 2398 829 2431 ex
876 2378 1080 2431 Celtica
1115 2378 1381 2447 principes
1431 2375 1666 2429 nonnulli
1712 2375 1996 2428 confluunt.
2084 2374 2223 2434 Sed,

343 2459 393 2502 et
430 2448 713 2502 Rotbertus
752 2449 862 2500 dux
899 2449 1246 2518 propinquior
1281 2449 1477 2513 factuS,
1527 2446 1791 2516 Stampis³
1846 2464 1958 2498 sese
2003 2445 2224 2514 recipit.

343 2538 405 2572 ac
442 2519 508 2570 ad
556 2519 809 2590 palatium
846 2518 1047 2588 legatos
1097 2519 1301 2587 dirigit,
1347 2516 1545 2586 regalia
1579 2516 1792 2585 negotia
1835 2514 1957 2567 inde
2008 2533 2193 2585 exper-

466 2653 500 2708 ')
538 2655 590 2696 de
626 2657 830 2696 amicicia
862 2657 977 2695 inter
1010 2669 1056 2697 se
1091 2653 1299 2696 habenda
1321 2654 1555 2708 plurimum
1579 2651 1826 2705 satagebat.
1883 2650 1966 2692 Cui
1991 2652 2057 2692 rei
2092 2664 2191 2692 cum

543 2722 723 2770 uterque
759 2717 873 2756 adm.
908 2718 936 2756 i.
976 2717 1022 2768 13
1057 2731 1168 2757 corr.
1204 2716 1244 2757 2.

447 2776 505 2824 *Ὅ
539 2792 682 2818 rerum
715 2779 890 2818 nescius
926 2776 979 2817 cl.
1017 2779 1062 2829 1;
1098 2792 1206 2818 corr.
1243 2777 1283 2817 2.

429 2836 507 2891 ***)
545 2840 640 2888 Qua
675 2838 744 2878 die
780 2839 889 2878 nihil
924 2839 1202 2889 concordiae,
1237 2837 1346 2878 nihil
1379 2836 1682 2877 amiciciarum
1720 2835 1832 2874 inter
1875 2846 1948 2874 eos
1991 2832 2189 2874 habitum

547 2904 612 2940 est
646 2899 748 2939 add.
789 2901 830 2949 13
867 2899 950 2941 del.
989 2900 1027 2941 2.

448 3005 483 3043 a)
514 3004 571 3036 Ad
598 3005 642 3045 R,
671 3015 706 3045 p,
735 3005 780 3036 tis
810 3006 838 3036 Ε
867 3006 958 3037 absc.
1061 3004 1098 3046 b)
1127 3005 1151 3038 l.
1181 3006 1205 3038 i.
1235 3014 1268 3037 o.
1297 3005 1336 3035 in
1362 3013 1494 3043 mar9,;
1547 3002 1642 3043 ling,
1670 3009 1732 3032 ma
1758 3000 1875 3042 absc.;
1920 3003 1971 3041 ut,
2000 3009 2032 3036 e.
2058 3009 2109 3032 m.
2139 3002 2196 3032 est

350 3055 420 3085 iam
447 3058 550 3084 antea
579 3054 659 3085 αιῖιῖ.
764 3053 796 3093 c)
826 3055 1008 3093 impetere
1038 3057 1069 3087 1.
1110 3054 1149 3086 C.
1180 3054 1230 3093 gl.
1269 3062 1326 3085 ex.
1359 3054 1378 3084 2
1418 3052 1457 3083 in
1483 3053 1557 3082 loco
1584 3060 1683 3082 ra30.
1808 3049 1844 3091 d)
1874 3059 1913 3082 se
1947 3053 2073 3089 postea
2099 3049 2194 3088 add„

345 3108 426 3142 pose
455 3104 542 3134 loct.
571 3103 634 3135 del.
712 3101 746 3142 e)
776 3104 846 3136 Ex.
865 3121 905 3126 —-
923 3105 1071 3135 venisse
1088 3104 1106 3134 2
1135 3104 1173 3134 in
1195 3111 1333 3142 mar9.;
1361 3101 1463 3141 Exis,
1491 3101 1541 3141 hi,
1569 3100 1661 3131 bant
1687 3099 1778 3131 absc.
1880 3097 1909 3140 f)
1937 3098 1995 3130 Ab
2023 3107 2067 3130 eo
2104 3107 2195 3138 quo-

351 3161 421 3241 q)uc
462 3156 486 3182 t.
524 3152 725 3183 Heinrieus
765 3153 809 3183 K.
839 3154 876 3191 1;
929 3162 1021 3185 corr.
1052 3153 1084 3185 2.
1188 3152 1224 3193 g)
1250 3153 1363 3190 Dese,
1396 3150 1489 3190 regi,
1518 3150 1563 3181 de
1590 3149 1637 3181 H.
1666 3148 1757 3179 absc.
1857 3146 1897 3189 h)
1926 3148 1971 3179 K.
2001 3151 2085 3187 post
2111 3147 2193 3180 add.

351 3211 360 3231 1
407 3210 429 3232 a
454 3210 546 3233 COY'T.
567 3209 624 3231 QX.

477 3297 520 3350 1)
558 3295 894 3338 Cf.F10d0ard.
942 3297 971 3336 1.
1005 3296 1031 3336 l.
1100 3297 1173 3349 qui
1223 3295 1276 3336 de
1325 3294 1443 3335 bello
1489 3297 1640 3334 contra
1681 3291 1940 3332 Heinricum
1989 3294 2194 3343 suscepto

353 3359 557 3411 loquitur.
622 3357 761 3409 Igitur
795 3370 906 3409 quae
939 3357 1012 3397 hic
1037 3330 1273 3397 ’narrantur
1315 3355 1517 3396 fabulosa
1551 3366 1647 3394 esse
1680 3356 1815 3406 patet.
1941 3351 1988 3405 2)
2024 3351 2195 3393 Similia

353 3421 396 3459 in
429 3419 526 3460 loco
560 3423 660 3474 post
694 3417 839 3458 deleto
874 3418 930 3469 (e.
967 3418 1023 3458 40
1057 3420 1119 3469 n.)
1163 3418 1216 3458 de
1262 3416 1512 3459 Gisleberto
1555 3420 1598 3455 et
1636 3413 1828 3454 Roberto
1862 3414 2026 3466 scripta
2059 3415 2195 3452 erant.

353 3481 476 3530 Quae
500 3480 586 3520 alio
611 3483 852 3519 atramento
877 3480 920 3518 in
947 3479 1035 3519 alia
1060 3480 1211 3519 charta
1233 3482 1412 3519 exarata
1433 3477 1587 3532 prioris
1610 3474 1872 3516 narrationis
1902 3473 2195 3526 fragmentum

354 3554 463 3590 esse,
494 3539 772 3582 statuendum
807 3546 882 3583 est.
1009 3540 1056 3593 3)
1089 3541 1315 3593 Etampes.
