2240 3879
204 379 286 410 991.

112 427 197 460 Iun.
228 429 285 459 17.

41 475 155 508 Gerb.
190 486 222 508 c.
252 477 286 509 5.

311 223 395 266 156
712 225 964 267 RICHERI
997 226 1418 269 HISTORIARUM
1450 226 1634 267 LIBER
1666 227 1779 268 1111.

303 366 619 434 promissam
655 383 768 417 sese
804 383 1058 434 umquam
1108 363 1452 430 violaturum,
1497 383 1684 432 regum
1731 365 1907 418 hostes
1943 385 2040 435 pro
2064 367 2153 429 ‚in-

304 436 461 503 genio
500 443 552 486 et
586 434 789 487 viribus
826 436 1215 504 impetiturum,
1261 432 1469 503 illisque
1517 435 1573 483 in
1619 434 1760 486 nullo
1799 437 2154 488 commtmica-

304 512 497 555 turum.
538 503 645 556 Sed
672 505 798 574 quia
821 503 1048 555 Karolus
1086 502 1379 554 avunculus
1407 521 1554 554 meus
1570 514 1585 540 1
1612 522 1796 572 regum
1822 506 2153 558 adversarius

306 580 465 643 patet,
517 591 637 624 cum
683 575 731 625 ei
775 575 818 625 is
863 573 927 624 de
973 592 1074 642 quo
1119 573 1386 643 loquimur
1434 575 1841 626 communicavit
1886 575 2152 645 fidemque

308 650 635 694 sacramento
682 643 843 708 dedit,
892 644 974 693 ius
1020 643 1145 694 fidei
1180 644 1471 712 promissae
1508 644 1719 710 penitus
1755 642 1983 713 abrupit.
2067 646 2154 696 An

305 714 550 764 Manasse
566 721 586 745 ³¹
613 720 663 763 et
687 713 947 779 Rotgerus
984 732 1170 782 regum
1196 712 1484 763 adversarii
1511 712 1722 764 dicendi
1757 732 1864 764 non
1890 723 2024 781 sunt,
2063 716 2155 784 qui

307 800 426 833 cum
459 781 655 833 Karolo
694 781 840 832 urbis
865 782 1150 833 Remorum
1186 800 1496 851 pervasores
1532 782 1677 833 fuere
1716 791 1767 834 et
1802 792 2012 835 sanctae
2047 783 2155 836 Dei

305 852 573 920 genitricis
609 851 808 902 Mariae
854 850 1127 902 basilicam
1178 870 1297 903 cum
1335 859 1536 903 armata
1571 870 1732 902 manu
1767 853 1992 921 ingressi
2034 863 2156 905 sunt

306 922 766 989 sanctuariumque
804 921 1002 972 nefario
1040 922 1281 990 ingressu
1315 920 1683 973 violaverunt?
1720 922 1834 973 Hos
1873 923 2032 974 etiam
2056 924 2154 975 iste

305 991 385 1041 sui
425 989 627 1041 consilii
665 990 909 1042 custodes
948 999 998 1042 et
1035 992 1325 1042 amicorum
1361 992 1642 1061 precipuos
1680 990 1923 1044 habebat.
1996 993 2155 1057 Quod

306 1061 430 1129 quia
456 1059 907 1111 evidentissimum
934 1069 1026 1127 est,
1065 1060 1205 1113 dicat
1240 1063 1415 1112 nunclD
1453 1062 1583 1130 ipse,
1623 1062 1800 1112 cuiusC
1837 1061 2155 1130 impulsione

304 1138 395 1181 aut
443 1131 686 1181 suasione
731 1131 907 1181 istudd
954 1149 1234 1199 aggressus
1284 1132 1364 1182 sit.
1443 1131 1553 1182 Aut
1599 1140 1738 1183 certe
1786 1129 1874 1182 alii
1920 1133 2155 1184 intendet

307 1208 398 1251 aut
436 1200 706 1251 convictus
743 1202 1056 1252 testimoniis
1106 1199 1353 1252 labascet.
1445 1199 1629 1251 Nullus
1680 1202 2153 1270 consanguinitatis

304 1287 468 1334 amor,
507 1269 650 1320 nulla
686 1270 896 1322 habitae
934 1269 1302 1322 familiaritatis
1340 1271 1509 1338 gratia
1546 1290 1576 1322 a
1612 1272 1742 1322 recti
1778 1271 1961 1322 iudicii
1985 1271 2155 1324 forma

303 1358 388 1390 me
426 1338 602 1409 aliquo
642 1340 799 1391 modo
839 1339 1117 1391 seduoent’.

302 1470 383 1521 57.
457 1470 629 1521 Lause
671 1470 1063 1522 Grodesmannie
1101 1470 1166 1521 de
1211 1472 1732 1537 1nagnanimitatee·f
1766 1471 2031 1522 Brunonis
2069 1479 2152 1523 ete

587 1547 674 1590 ute
713 1539 779 1591 ab
819 1558 879 1590 eo
918 1539 1162 1590 iuditium
1199 1541 1524 1609 proferature
1562 1540 1862 1609 postulatio.

442 1623 842 1676 Godesmannus
892 1624 1267 1675 Ambianensis
1327 1625 1607 1694 episcopus
1667 1624 1823 1676 dixit:
1880 1624 2151 1676 ‘Novimus

295 1692 608 1745 Venerabilis
632 1695 893 1746 Brunonis
924 1695 1427 1763 magnanimitatem,
1466 1713 1622 1763 quem
1646 1694 1818 1746 nullus
1845 1694 2115 1746 affinitatis
2131 1705 2154 1739 g

296 1780 458 1826 amor,
495 1762 638 1814 nulla
677 1763 1001 1817 familiaritas
1039 1782 1070 1814 a
1105 1765 1324 1817 veritate
1375 1772 1681 1834 sequestrat,
1719 1773 1773 1816 at
1808 1766 1953 1834 rigor
1990 1765 2153 1815 animi

299 1841 350 1884 et
385 1851 592 1884 morum
630 1835 866 1903 probitas
908 1834 1203 1885 veridicum
1253 1843 1303 1886 et
1354 1835 1439 1885 cui
1491 1835 1814 1886 credendum
1864 1836 1930 1886 sit
1977 1853 2151 1903 prom-

296 1903 497 1955 tissime
534 1903 780 1955 indicant.
853 1904 997 1972 Ergo
1010 1905 1032 1937 1¹
1073 1905 1196 1973 quia
1235 1904 1299 1955 de
1340 1905 1728 1956 examinatione
1765 1912 1939 1957 reatus
1976 1905 2151 1956 fiatris

298 1980 349 2023 et
386 1973 690 2042 coepiscopi
725 1974 890 2024 nostri
915 1974 1123 2025 Arnulfi
1160 1975 1355 2026 mentio
1395 1977 1635 2043 superius
1673 1975 1814 2026 facta
1849 1983 1942 2040 est,
1982 1974 2049 2025 ab
2089 1993 2151 2026 eo

298 2042 657 2110 quaerendum
693 2042 915 2110 videtur,
955 2045 1105 2113 quale
1144 2064 1211 2095 ex
1250 2043 1349 2095 hac
1385 2062 1441 2095 re
1474 2044 1774 2096 habendum
1801 2046 1867 2096 sit
1890 2045 2152 2112 iuditium,

297 2130 357 2162 eo
399 2111 540 2180 quod
570 2113 745 2181 ipsum
774 2122 1015 2183 oporteat
1039 2114 1213 2165 iuditii
1238 2122 1532 2182 temperare
1560 2132 1851 2181 censuram,
1890 2133 2010 2166 cum
2036 2116 2152 2184 ipse

298 2181 372 2232 sic
411 2183 545 2233 inter
590 2190 872 2252 utrumque
924 2184 990 2234 sit
1030 2185 1371 2248 constitutus,
1426 2191 1483 2234 ut
1520 2192 1570 2235 et
1618 2186 1731 2254 regi
1768 2184 1927 2236 fidem
1966 2192 2016 2236 et
2052 2185 2151 2236 Ar-

296 2250 439 2302 nulfo
480 2270 546 2302 ex
585 2254 1040 2321 consanguinitate
1079 2252 1412 2305 dilectionem
1440 2253 1644 2305 debeat.
1701 2254 1855 2306 Unde
1883 2262 1934 2306 et
1957 2253 2150 2306 nullius

298 2321 406 2372 doli
443 2323 733 2391 suspitione
771 2324 1026 2375 tenendus
1065 2324 1176 2389 erit,
1218 2341 1375 2392 quem
1414 2322 1636 2375 fidelitas
1677 2324 1877 2374 domini
1914 2324 1983 2375 ad
2017 2323 2149 2375 iudi-

297 2391 430 2441 tium
480 2390 719 2444 incitabit
762 2401 812 2444 et
862 2394 1051 2444 caritas
1088 2394 1321 2462 proximi
1357 2410 1389 2443 a
1426 2392 1781 2445 malivolentia
1816 2393 2149 2463 prohibebit⁷.

806 2524 889 2576 58.
961 2524 1281 2593 Responsioi
1317 2523 1626 2575 Brunonisi.

433 2606 558 2658 Adk
594 2607 691 2659 hec
739 2609 918 2660 Bruno
964 2610 1269 2678 episcopus:
1327 2609 1605 2675 ‘Mentem⁷,
1655 2610 1849 2679 inquit,
1904 2614 2149 2661 ‘vestram

294 2677 418 2727 satis
468 2676 624 2746 plane
673 2677 924 2747 intelligo.
1019 2679 1151 2745 Hic,
1211 2679 1300 2748 qui
1348 2697 1468 2730 reus
1514 2680 1802 2731 maiestatis
1852 2685 2146 2746 accusatur,

293 2747 465 2796 carnis
502 2746 753 2799 affinitate
801 2749 931 2799 mihi
981 2750 1341 2818 coniungitur,
1388 2757 1569 2818 utpote
1613 2747 1858 2800 avunculi
1906 2750 2011 2800 mei
2046 2748 2147 2800 Lo-

291 2814 447 2866 tharii
489 2818 630 2885 regis
675 2817 827 2869 filius.
911 2819 1066 2871 Unde
1111 2826 1162 2870 et
1206 2826 1383 2870 vestra
1417 2817 1716 2887 benignitas
1753 2818 1883 2870 mihi
1919 2818 2034 2869 fieri
2070 2819 2146 2869 in-

291 2884 480 2935 iuriam
517 2888 744 2955 metuitl,
783 2889 828 2938 si
865 2889 1086 2957 dignum
1124 2888 1188 2939 de
1227 2907 1287 2940 eo
1322 2907 1353 2939 a
1385 2889 1538 2940 vobis
1564 2888 1860 2956 proferatur
1883 2888 2146 2940 iuditium.

294 2953 401 3005 Sed
437 2957 596 3022 absit,
647 2964 705 3007 ut
753 2976 987 3010 amorem
1039 2958 1510 3028 consanguinitatis
1561 2958 1758 3011 Christi
1806 2976 1984 3010 amore
2029 2977 2145 3027 pre-

291 3024 563 3076 ciosiorem
601 3026 838 3078 habeam.
912 3029 1044 3080 Rem
1082 3028 1221 3080 unde
1259 3028 1432 3097 agitur
1468 3029 1714 3080 sanctitas
1755 3036 1930 3080 vestra
1967 3026 2146 3080 subtili

290 3093 538 3163 indagine
576 3114 784 3147 mecum
823 3097 1092 3165 discutiat,
1144 3098 1208 3151 de
1246 3097 1684 3150 condemnatione
1731 3097 1973 3149 convicto
2018 3097 2145 3149 infe-

388 3251 424 3293 a)
454 3253 585 3284 Manas
611 3263 641 3284 c.
755 3252 792 3294 b)
818 3259 899 3293 post
933 3256 1015 3288 add.
1132 3255 1166 3297 c)
1194 3265 1269 3295 qua
1297 3259 1329 3288 1.
1449 3255 1484 3297 d)
1510 3257 1549 3287 id
1578 3257 1612 3287 1.
1730 3252 1766 3295 e)
1788 3254 1882 3296 Lau,
1910 3264 2010 3295 man,
2037 3257 2147 3298 nani,

291 3302 327 3330 et
353 3304 393 3331 ut
419 3310 452 3341 a,
488 3302 596 3341 profe
625 3301 672 3344 (‘?)
702 3303 793 3333 absc.
921 3303 949 3344 f)
981 3323 1023 3328 —
1063 3308 1178 3337 tatem
1206 3315 1234 3338 c.
1362 3302 1398 3344 g)
1437 3303 1778 3344 consanguinitatis
1808 3305 1839 3334 1.
1963 3303 2002 3346 h)
2029 3304 2079 3337 At
2106 3307 2140 3336 1.
2174 3322 2177 3323 ν

290 3347 317 3388 i)
346 3349 411 3390 Re,
440 3351 505 3383 Br.
535 3352 627 3382 absc.
712 3351 750 3393 k)
776 3353 824 3383 Et
850 3353 894 3385 B.
923 3362 981 3392 ep.
1008 3355 1208 3395 respondit
1235 3356 1266 3385 1.
1351 3352 1378 3394 l)
1404 3355 1523 3386 metui
1550 3364 1577 3387 c.
2168 3348 2178 3360 ”

310 3527 318 3535 ⁰
415 3468 456 3518 1)
491 3468 635 3509 Mater
667 3470 884 3512 Brunonis
917 3469 1009 3510 filia
1043 3476 1135 3512 erat
1167 3472 1423 3525 Gerbergae
1458 3476 1502 3511 et
1535 3469 1773 3512 Giselberti
1807 3470 1934 3513 ducis
1967 3470 2133 3512 Lotha-

286 3539 523 3580 rmgorum.
