2240 3879
223 405 304 437 925.

134 2187 146 2200 ⁸
163 2190 227 2223 fol.
260 2191 315 2222 13.

238 2871 321 2902 926.

323 250 377 289 32
758 242 1012 284 RICHERI
1045 240 1462 282 HISTORIARUM
1493 240 1678 280 LIBER
1711 241 1747 280 Ι.

322 386 564 438 Manasse
612 401 674 434 ac
710 383 946 433 Varnero
995 379 1300 445 comitibus,
1349 377 1638 431 Iozselmol
1678 388 1836 449 atque
1873 378 2172 448 Ansegis02

322 454 599 525 episcopis,
637 451 769 503 adeo
809 451 1078 516 defecisse,
1117 458 1175 502 ut
1211 468 1393 501 eorum
1420 448 1554 500 960³
1592 448 1771 517 apuda
1806 458 2039 501 montem
2074 447 2173 500 Ca-

322 524 493 575 laum4
521 528 887 587 sternerentur,
912 519 1148 571 nonnulli
1173 520 1317 588 capti
1342 527 1664 584 tenerentur,
1702 517 1905 588 reliqua
1927 536 2053 570 vero
2079 519 2174 569 mi-

323 612 512 645 norum
550 609 736 642 manus
760 589 910 659 lapsa
934 590 1176 659 profugio
1205 591 1294 651 sit;
1331 589 1621 640 &Varnerus
1646 606 1791 653 vero,
1816 606 1951 658 equo
1979 589 2175 654 occiso,

326 682 428 733 quo
482 670 666 714 vectus
720 660 1002 725 ferebatur,
1062 661 1158 710 10⁵
1209 657 1513 711 vulneribus
1565 657 1847 726 perfossus,
1901 657 2174 710 interierit.

328 734 427 786 His
464 750 561 783 rex
597 737 787 795 motus,
827 729 967 780 diem
993 727 1210 780 alteram
1246 730 1301 779 in
1326 727 1567 799 partibus
1595 725 1984 778 deliberationis
2010 736 2175 779 totam

327 801 665 870 consumpsit.
739 799 810 849 Et
857 798 941 850 die
989 799 1145 850 tertia
1191 797 1361 850 edicto
1407 799 1552 866 regio
1598 797 1794 848 tirones
1841 815 1909 847 ex
1947 797 2177 848 citeriori

327 872 498 925 Gallia
558 872 693 920 intra
756 869 866 920 dies
933 868 997 919 15
1047 867 1271 936 collegit.
1370 867 1733 937 Collectosque
1796 885 1918 917 cum
1977 865 2177 937 aliquot

325 940 659 1011 magnatibus
699 957 856 1007 super
892 937 1114 989 fluvium
1142 938 1443 1008 Sequanam
1480 937 1797 988 adversariis
1834 935 2050 988 inducit.
2103 935 2177 989 At

325 1013 582 1082 pyratae*
619 1009 844 1060 renisuri
895 1008 1256 1073 obvenientes,
1301 1026 1331 1058 a
1371 1006 1536 1058 Grallis
1574 1008 1628 1057 in
1668 1024 1760 1058 sua
1798 1014 1970 1057 castra
2005 1006 2176 1058 redire

327 1082 497 1133 coacti
525 1090 658 1131 sunt.
722 1077 862 1130 Galli
886 1077 1146 1146 fugientes
1172 1078 1413 1143 insecuti,
1442 1078 1659 1128 castrisb
1685 1078 1861 1145 ignem
1888 1076 2176 1142 inmittunt,

326 1151 696 1220 congressique
733 1147 1063 1199 vehementic
1103 1147 1391 1211 conamine,
1436 1148 1604 1198 victos
1655 1154 1904 1198 sternunt.
1979 1145 2052 1196 At
2088 1144 2178 1196 alii

324 1222 451 1290 fuga
498 1219 755 1290 pedestri,
812 1216 900 1268 alii
949 1217 1195 1287 profugio
1233 1216 1407 1269 navali
1452 1216 1649 1285 elapsid
1689 1217 1868 1283 suntd,
1925 1215 2012 1267 alii
2058 1234 2178 1267 cum

327 1292 508 1343 castris
559 1288 811 1353 succensi,
865 1286 952 1337 alii
997 1287 1133 1338 ferro
1184 1287 1280 1337 ade
1327 1287 1464 1338 3000
1510 1286 1768 1338 interfecti
1817 1295 1953 1337 sunt.
2029 1285 2177 1350 Quos

325 1380 449 1413 vero
476 1362 602 1428 fuga
628 1358 932 1426 exagitavit,
971 1364 1090 1427 post
1116 1355 1336 1423 collecti,
1376 1356 1606 1426 quodam
1633 1357 1763 1408 suod
1801 1356 1999 1425 oppido
2028 1373 2179 1406 secus

325 1450 468 1483 mare
507 1431 606 1481 sito
647 1427 847 1480 collecti
883 1435 1018 1478 sunt.
1094 1426 1193 1479 Cui
1231 1428 1388 1478 etiam
1424 1426 1613 1494 Augae
1650 1444 1844 1478 nomen
1881 1432 1991 1476 erat
2007 1434 2042 1476 6.

520 1531 602 1581 50.
657 1527 891 1580 Rollonis
927 1536 1146 1596 pyratae
1183 1528 1421 1579 interitus
1458 1545 1774 1597 suorumque
1810 1527 1979 1578 ruina.

467 1618 706 1680 Quorum
754 1614 1002 1682 princeps
1050 1611 1200 1664 Rollo
1259 1611 1641 1663 sufficientibus
1697 1614 1864 1681 copiis
1922 1610 2179 1681 oppidum

326 1684 567 1755 implens,
614 1682 751 1735 bello
791 1702 903 1734 sese
940 1682 1215 1733 manifeste
1260 1683 1483 1750 paravit.
1556 1682 1673 1732 Rex
1719 1682 1842 1733 inde
1893 1681 2178 1751 digressus,

328 1756 620 1807 exercitum
657 1753 968 1822 provocanti
1003 1752 1176 1818 infert,
1226 1752 1476 1820 congredi
1520 1769 1626 1802 non
1676 1751 1936 1802 differens.
2013 1751 2179 1821 Oppi-

329 1826 455 1876 dum
493 1842 774 1894 aggressus
813 1831 906 1874 est,
979 1822 1050 1874 Et
1089 1821 1361 1874 obsidione
1401 1821 1669 1890 disposita,
1706 1820 1902 1872 vallum
1933 1839 2035 1890 quo
2076 1823 2183 1871 cin-

330 1895 552 1963 gebatur
598 1893 856 1961 irrumpit.
931 1892 1106 1961 Atque
1146 1892 1220 1942 sic
1256 1892 1485 1943 tironesd
1522 1890 1894 1960 peribolumf·⁷
1934 1908 2181 1942 conscen-

331 1965 529 2029 dentes,
587 1963 917 2013 adversarios
954 1962 1266 2031 pervadunt.
1343 1960 1662 2031 Oppidoque
1719 1962 1872 2031 potiti
1891 1963 1956 2027 **,
2013 1978 2184 2012 mares

333 2052 514 2085 omnes
540 2032 818 2084 trucidant.
873 2031 1109 2082 Feminis
1135 2031 1345 2082 intactis
1371 2040 1609 2099 parcunt.
1669 2032 1943 2100 Oppidum
1970 2031 2186 2082 diruunt

331 2113 488 2173 atque
545 2102 875 2155 comburunt.
951 2102 1114 2153 Cuius
1169 2100 1425 2151 incendiis
1480 2119 1598 2152 aere
1655 2101 1870 2152 densato
1926 2119 1988 2151 ac
2042 2100 2185 2152 deni-

331 2182 498 2241 grato,
539 2173 594 2222 in
619 2180 753 2223 tetra
780 2170 1002 2238 caligine
1039 2169 1275 2222 nonnulli
1301 2170 1597 2236 evadentes,
1634 2170 1951 2221 finitimamg
1989 2175 2182 2240 *quan-

334 2244 457 2295 dam
503 2248 764 2310 occupa-nt
811 2239 1052 2291 insulam.
1127 2241 1273 2305 Quos
1323 2241 1433 2291 sine
1484 2240 1731 2292 dilatione
1783 2241 2048 2292 exercitus
2095 2259 2184 2310 ag-

334 2330 545 2382 gressus
593 2312 792 2380 appetit
836 2328 897 2361 ac
943 2308 1118 2361 navali
1171 2328 1352 2379 pugna
1405 2311 1573 2362 victos
1629 2311 1897 2380 opprimit.
1976 2310 2185 2361 Piratae

334 2384 472 2433 vitae
512 2400 660 2449 spem
699 2381 1019 2445 amittentes,
1070 2378 1160 2431 alii
1198 2398 1310 2430 sese
1347 2379 1594 2432 fluctibus
1632 2381 1933 2449 inmergunt
1969 2397 2030 2430 ac
2067 2399 2185 2431 ene-

336 2460 536 2513 cantur,
595 2449 682 2500 alii
733 2459 1002 2501 enatantes
1049 2449 1114 2501 ab
1165 2449 1590 2501 observatoribus
1639 2449 1862 2519 iugulati
1908 2458 2043 2514 sunt,
2097 2448 2187 2500 alii

336 2522 499 2572 nimia.
544 2519 821 2572 formidine
871 2523 996 2571 tacti
1045 2518 1159 2571 telis
1205 2520 1434 2589 propriis
1481 2539 1593 2571 sese
1648 2528 1921 2589 appetunt.
1993 2519 2065 2570 Et
2111 2519 2187 2570 sic

338 2591 581 2643 omnibus
628 2589 890 2658 ademptis
940 2589 1209 2658 predaque
1257 2589 1465 2658 direpta
1510 2608 1614 2642 non
1659 2589 1885 2656 modica,
1935 2608 2031 2641 rex
2067 2587 2186 2640 Bel-

336 2679 527 2713 vacum
563 2660 720 2710 rediit
757 2659 937 2728 ibique
974 2658 1184 2710 resedit.

772 2758 853 2810 51.
909 2759 1043 2810 Item
1082 2761 1421 2828 pyratarumh
1458 2760 1749 2811 interitush.

476 2843 606 2895 Inde
632 2843 810 2895 audito
825 2845 835 2877 ¹'
852 2843 1284 2896 Atrabatensium
1303 2846 1572 2913 regionem
1592 2863 1623 2895 a
1642 2845 1825 2913 piratis
1847 2843 1962 2895 aliis
1982 2844 2186 2908 vexari,

338 2921 609 2982 assumpto
648 2914 885 2965 exercitu
921 2913 987 2965 ab
1015 2913 1094 2965 his
1123 2914 1211 2983 qui
1236 2912 1354 2964 loca
1379 2915 1641 2966 maritima
1664 2913 1980 2980 incolebant,
2005 2931 2188 2983 repen-

338 2985 480 3035 tinus
507 2984 560 3033 in
587 3001 674 3033 eos
699 2982 877 3034 fertur.
938 2984 1148 3036 Piratae
1188 2983 1479 3035 comminus
1518 2983 1767 3052 congredi
1803 3002 1909 3035 non
1945 2984 2187 3048 ferenteS,

463 3104 499 3155 *)
533 3104 790 3143 Nox-tmanni
825 3105 863 3144 1.
989 3103 1046 3156 **)
1080 3104 1314 3145 Rollonem
1337 3104 1477 3146 oculis
1507 3105 1676 3145 effossis
1703 3104 1979 3158 suggillantss
2015 3104 2120 3146 add.
2147 3105 2189 3144 1.

439 3193 476 3234 a)
493 3204 552 3233 ap.
571 3203 616 3224 m.
633 3193 673 3226 C.
702 3195 738 3224 in
754 3203 864 3232 mam.
942 3195 978 3233 b)
998 3204 1027 3227 e.
1046 3196 1056 3225 i
1087 3196 1110 3227 i.
1135 3196 1171 3226 in
1187 3205 1297 3235 mar-9.
1376 3195 1410 3237 c)
1439 3195 1635 3233 victosque
1662 3204 1697 3227 V.
1716 3204 1747 3226 c.
1765 3199 1810 3226 st.
1830 3197 1860 3226 1.
1939 3193 1976 3235 d)
2000 3198 2084 3235 poet
2103 3195 2188 3226 add.

340 3243 376 3284 e)
405 3245 430 3276 i.
454 3253 483 3274 s.
514 3243 561 3273 ad
590 3243 683 3274 3000
714 3245 744 3274 1.
848 3242 876 3283 π’)
906 3252 968 3275 mu
995 3244 1145 3275 scribere
1171 3249 1338 3284 coeptum.
1443 3242 1480 3285 g)
1509 3253 1576 3275 vox
1602 3244 1770 3283 repetitur
1789 3244 1861 3283 sol.
1890 3243 1947 3276 13.
2049 3242 2088 3284 h)
2116 3245 2189 3281 ira,

341 3294 419 3324 inte
447 3293 539 3326 absc.
641 3291 668 3331 i)
698 3292 797 3330 quod
825 3292 889 3324 del.

465 3361 510 3415 1)
544 3363 829 3414 Lingonensi.
956 3361 1001 3416 ⁶2)
1030 3364 1253 3405 Trecensi.
1380 3364 1427 3416 3)
1454 3364 1559 3416 plus
1587 3376 1716 3415 quam
1741 3362 2002 3416 octingentos
2038 3362 2190 3413 Flod„

343 3438 472 3476 quem
504 3428 653 3463 noster
686 3424 893 3475 sequitur.
1019 3422 1067 3476 4)
1104 3424 1297 3466 Chelles.
1426 3422 1472 3478 ὃ)
1506 3424 1596 3464 dec.
1630 3423 1717 3463 vul.
1743 3424 1862 3478 Pfflf·
1896 3424 2111 3464 Richerus
2146 3429 2193 3464 et

342 3484 431 3524 alia
457 3485 502 3523 in
526 3484 809 3537 sequentibus
843 3483 981 3525 addit.
1109 3484 1156 3539 6)
1190 3487 1271 3526 Eu.
1401 3483 1445 3538 7)
1469 3498 1726 3536 murumque
1749 3484 2036 3538 infringe-ntes
2057 3483 2191 3525 Flod.

343 3545 390 3598 8)
424 3545 601 3586 Richeri
634 3543 903 3597 figmentum.
