2240 3879
196 862 279 894 990.

118 925 130 935 '
145 936 180 965 p.
199 926 279 959 639.

306 248 389 286 144
700 242 953 283 RICHERI
984 240 1400 283 HISTORIARUM
1433 242 1619 284 LIBER
1650 243 1757 283 1111.

302 402 509 453 quoque
546 382 672 434 fidei
706 383 820 451 regi
858 380 1174 434 servandum
1217 380 1426 449 penitus
1464 378 1689 448 abrupit.
1766 380 1831 432 Gr.
1871 389 1921 433 et
1957 381 2020 433 V.
2058 398 2154 450 per

301 455 411 506 dies
467 452 665 523 aliquot
720 470 927 504 carcere
983 451 1216 515 detrusi,
1270 467 1375 500 non
1429 447 1592 500 multo
1648 458 1769 518 post
1823 458 2151 502 sacramento

300 524 526 590 astricti,
575 522 747 574 redire
794 522 1038 591 permissi
1085 526 1217 571 sunt.
1300 517 1528 569 Karolus
1567 537 1690 587 ergo
1728 518 1868 571 felici
1905 537 2153 572 successu

298 594 536 662 insignis,
588 593 875 644 Remorum
921 588 1252 658 metropolim
1294 606 1413 638 cum
1450 587 1706 639 Lauduno
1746 606 1807 640 ac
1847 589 2150 642 Suesionis¹

300 671 619 732 earumquea
659 660 867 730 oppidis
907 660 1147 729 optinuit.

845 760 926 812 37.
999 758 1272 828 Impetusb
1311 757 1604 826 Hugonisb.

437 847 548 898 Nec
588 845 752 897 defuit
791 845 881 913 qui
917 843 973 894 id
1010 843 1079 894 ad
1114 844 1288 911 regisc
1327 861 1478 894 aures
1517 841 1822 912 perferrent.
1893 843 2014 908 Qua
2058 862 2155 896 rex

301 915 617 969 contumelia
654 914 977 983 perstrictus,
1019 913 1181 983 *quid
1217 912 1340 964 inde
1379 912 1645 981 agendum
1675 911 1822 977 foret,
1850 914 2153 966 sciscitaba-

298 996 399 1040 tur.
474 985 868 1053 Oomperitque,
919 1001 1026 1034 non
1063 981 1326 1050 precibus,
1377 1001 1483 1032 non
1521 981 1688 1047 donis,
1738 982 1830 1034 sed
1866 983 2066 1035 Viribus
2104 992 2155 1035 et

299 1056 457 1107 armis
484 1056 731 1106 invocata
751 1054 1044 1105 Divinitate
1070 1053 1169 1104 hoc
1197 1071 1308 1103 esse
1335 1050 1759 1104 labefactandum
1773 1061 1806 1103 ².
1871 1052 1971 1103 Ind
1998 1053 2156 1104 tiran-

299 1145 426 1177 num
463 1126 538 1177 ire
576 1124 876 1193 disponens,
915 1123 1053 1175 6000
1090 1123 1266 1191 itaque
1292 1120 1516 1174 militum
1552 1121 1784 1190 collegit,
1825 1121 2154 1174 obsidionem

301 1198 346 1248 ei
385 1195 634 1247 adhibere
687 1195 920 1262 cupiens,
972 1193 1016 1243 si
1063 1193 1245 1260 copiae
1294 1190 1394 1242 sibi
1442 1191 1724 1258 sufficiant,
1774 1200 1825 1243 et
1862 1193 1906 1243 si
1944 1194 1992 1244 ei
2027 1190 2156 1244 felix

300 1265 437 1318 adsit
472 1265 694 1330 fortuna,
733 1263 917 1315 tandiu
953 1263 1005 1313 id
1046 1263 1371 1313 committere
1418 1260 1617 1328 volens,
1670 1262 1835 1312 donec
1872 1270 1963 1313 aut
1995 1263 2154 1314 armis

300 1344 389 1387 aut
425 1335 597 1386 inedia
637 1333 839 1385 hostem
877 1334 1168 1401 precipitet.
1224 1331 1584 1382 Proficiscitur
1622 1349 1745 1398 ergo
1785 1332 2153 1401 magnanimis.

299 1406 369 1456 Et
404 1424 498 1474 per
534 1412 742 1469 terram,
780 1404 918 1454 unde
957 1420 1220 1453 annonam
1257 1401 1432 1452 hostes
1470 1401 1829 1470 asportabant,
1863 1402 2155 1454 exercitum

301 1475 466 1526 duxit.
569 1474 744 1538 Quam
800 1474 957 1524 etiam
1019 1473 1226 1540 penitus
1288 1470 1639 1539 depopulatus
1703 1471 2015 1537 combussit,
2079 1473 2154 1522 sic

300 1545 558 1609 efferatus,
610 1550 666 1593 ut
703 1561 800 1593 nec
837 1542 1106 1609 tugurium
1155 1539 1338 1591 saltem
1384 1539 1625 1591 deliranti
1661 1542 1785 1590 anui
1820 1539 2154 1610 relinqueret.

298 1615 425 1665 Post
451 1614 626 1665 animo
654 1613 899 1681 precipiti
926 1611 1214 1661 exercitum
1253 1610 1306 1659 in
1332 1609 1536 1660 hostem
1562 1606 1887 1678 retorquens,
1929 1610 2154 1662 obsidio-

298 1703 419 1735 nem
457 1682 707 1736 adhibere
745 1680 1023 1733 nitebatur.
1097 1679 1327 1731 Karolus
1366 1697 1484 1730 cum
1523 1687 1643 1730 ante
1694 1680 1794 1731 sibi
1839 1681 2018 1749 copias
2065 1698 2154 1749 pa-

297 1762 490 1818 rasset,
545 1753 775 1805 venienti
822 1752 1062 1802 resistere
1113 1748 1331 1801 viriliter
1387 1749 1689 1801 conabatur.
1769 1749 1908 1801 4000
1962 1750 2154 1801 etenim

297 1832 650 1893 pugnatorum
688 1821 935 1872 Lauduni
972 1819 1254 1888 collegerat
1302 1820 1583 1889 animoque
1629 1819 1944 1885 firmaverat,
1992 1828 2064 1887 ut,
2110 1821 2154 1872 si

296 1913 402 1945 non
438 1895 793 1962 impeteretur,
834 1891 1146 1959 quiesceret,
1187 1898 1237 1941 et
1273 1890 1553 1955 resisteret,
1593 1890 1636 1940 si
1673 1897 1959 1958 iu'geretur.

635 1992 715 2043 38.
789 1991 1106 2041 Exercituse
1145 1991 1405 2059 tripertito
1427 2000 1444 2022 θ
1485 1988 1802 2040 ordinatura

436 2077 554 2128 Rex
590 2078 789 2128 interea
826 2076 1116 2127 exercitum
1163 2073 1432 2139 inducens,
1480 2072 1666 2125 Karoli
1712 2073 1974 2143 legionem
2018 2074 2153 2126 ordi-

298 2155 473 2198 natam
524 2155 817 2216 pugnatum
868 2144 1026 2196 videt.
1114 2144 1421 2195 Exercitum
1471 2161 1597 2211 ergo
1645 2143 1901 2212 tripertito
1949 2144 2150 2210 dividit,

297 2236 362 2269 ne
424 2216 616 2268 multus
678 2215 937 2267 exercitus
998 2213 1134 2264 mole
1199 2214 1278 2263 sui
1342 2222 1590 2282 gravatus
1669 2214 1896 2282 propriis
1952 2211 2152 2264 Viribus

297 2287 650 2338 frustraretur.
723 2285 853 2336 Tres
892 2285 1068 2353 itaque
1106 2284 1244 2334 acies
1285 2283 1566 2349 constituit,
1615 2284 1840 2351 primam
1888 2282 2011 2334 belli
2046 2283 2150 2352 pri-

299 2374 412 2407 mos
451 2357 678 2425 impetus
700 2355 716 2388 f
754 2355 1027 2419 inituram,
1068 2353 1367 2420 secundam,
1408 2370 1541 2420 quae
1588 2351 1782 2404 labenti
1822 2361 2152 2405 succurreret

298 2427 543 2495 viresque
593 2425 838 2490 referret,
887 2425 1096 2475 tertiam
1142 2441 1268 2473 vero
1321 2422 1501 2491 spoliis
1548 2421 1833 2491 eripiendis
1873 2421 2149 2474 ordinavit.

300 2494 504 2562 Quibus
556 2496 629 2546 sic
680 2494 863 2545 divisis
914 2502 965 2545 et
1014 2492 1291 2558 ordinatis,
1342 2493 1513 2562 prima.
1561 2493 1700 2544 acies
1752 2493 1915 2561 signis
1966 2492 2150 2544 erectis

299 2583 645 2634 congressura
683 2582 803 2614 cum
840 2582 964 2633 rege
1002 2562 1295 2614 incedebat.
1368 2560 1621 2631 Reliquae
1669 2561 1804 2614 duae
1852 2560 1980 2613 locis
2033 2580 2150 2613 con-

299 2636 490 2687 stitutis
528 2642 743 2704 paratae
782 2651 1087 2685 succurrere
1127 2633 1551 2701 opperiebantur.

438 2705 518 2756 39.
592 2703 819 2755 Karolus
870 2721 991 2754 cum
1040 2703 1178 2755 4000
1228 2703 1414 2754 obvius
1458 2701 1712 2771 procedit,
1758 2719 2019 2753 summam
2057 2701 2149 2752 Di-

298 2776 570 2826 vinitatem
607 2776 874 2840 invocans,
912 2781 970 2824 ut
1007 2773 1073 2825 ab
1111 2773 1398 2823 innumeris
1436 2789 1634 2839 paucos
1671 2779 1938 2840 protegat,
1979 2770 2149 2823 multi-

298 2844 466 2895 tudini
498 2862 603 2894 non
627 2843 897 2894 fidendum
938 2851 989 2894 et
1013 2843 1268 2911 paucitati
1293 2860 1398 2893 non
1424 2841 1785 2907 diffidendum,
1813 2841 2148 2894 demonstret.

300 2914 471 2978 Quem
510 2913 839 2965 incedentem
878 2911 1130 2963 Arnulfus
1170 2911 1536 2978 comitabatur,
1583 2928 1704 2962 suos
1741 2910 2039 2979 adhortans,
2092 2918 2150 2962 ut

299 2984 472 3034 animo
511 2983 630 3033 forti
669 2990 886 3048 starent,
927 2982 1154 3034 ordinati
1192 2990 1242 3033 et
1279 2980 1492 3032 indivisi
1530 2979 1901 3050 procederent,
1941 2980 2006 3032 de
2042 2981 2147 3032 vic-

298 3053 431 3104 toria
468 3071 499 3103 a
537 3053 652 3103 Deo
690 3051 831 3103 nullo
869 3052 1024 3103 modo
1064 3051 1381 3117 diffiderent,
1421 3052 1464 3102 si
1501 3049 1720 3102 viriliter
1755 3051 1998 3102 invocato
2029 3050 2146 3102 Deo

397 3211 432 3251 a)
461 3220 582 3250 caque
614 3212 626 3240 1
771 3210 807 3249 b)
838 3214 909 3246 tus,
938 3212 996 3242 nis
1024 3211 1114 3242 absc.
1234 3209 1267 3251 c)
1297 3219 1426 3249 regum
1453 3219 1628 3249 superscr.
1659 3211 1701 3240 is.
1829 3207 1865 3248 d)
1895 3200 1958 3242 VI.
1989 3210 2013 3239 i.
2042 3218 2089 3245 m.
2117 3217 2151 3242 c.-

300 3262 338 3291 iu
366 3265 391 3291 t.
423 3263 445 3293 i.
477 3262 510 3292 d.
544 3262 576 3292 1.
679 3258 713 3300 c)
738 3264 809 3299 tuS,
839 3269 871 3299 o,
900 3263 960 3291 tur
987 3261 1077 3292 absc.
1178 3258 1207 3300 f)
1237 3260 1419 3291 tumultus
1450 3262 1481 3291 1.

299 3369 429 3410 hostis
460 3368 636 3419 invasit,
670 3368 967 3409 sanctuarium
1003 3369 1087 3410 Dei
1111 3369 1295 3422 polluit,
1331 3368 1471 3421 spolia
1504 3367 1711 3420 diripuit,
1746 3367 1906 3408 clerum
1939 3373 1977 3408 et
2001 3348 2173 3419 popu-gr.

299 3432 385 3470 lum
433 3429 684 3483 captivavit.
750 3430 850 3470 Post
893 3431 998 3471 haec
1030 3444 1129 3471 vero
1163 3430 1422 3482 Arnulphus
1459 3459 1468 3469 .
1494 3461 1502 3470 .
1530 3460 1538 3468 .
1566 3459 1574 3469 .
1610 3428 1936 3481 conjuratorum
1968 3439 2145 3467 manum

299 3497 449 3532 contra
480 3505 605 3532 suum
638 3505 776 3545 reyem
811 3490 985 3543 eiusque
1009 3489 1240 3532 exercitum
1259 3490 1303 3530 in
1327 3489 1461 3531 aciem
1493 3489 1571 3529 sub
1593 3487 1726 3543 siquis
1751 3485 2145 3541 Karoliproduoeit.

303 3551 346 3602 1)
382 3553 449 3592 De
483 3552 566 3592 hac
600 3552 706 3592 urbe
742 3557 872 3605 capta
906 3552 1011 3592 alibi
1045 3552 1167 3592 nihil.
1296 3550 1343 3603 2)
1379 3550 1445 3591 Cf.
1483 3549 1662 3590 Sallust.
1699 3549 1830 3590 Catil.
1867 3563 1903 3590 c.
1941 3549 2013 3590 52.
