2240 3879
335 271 389 312 78
769 269 1025 311 RICHERI
1058 269 1478 311 HISTORIARUM
1511 269 1696 310 LIBER
1727 269 1790 310 ΙΙ.

232 423 316 460 948.
334 408 689 460 debacchatus
747 409 816 460 sis
870 410 925 459 in
986 408 1259 460 dominum
1320 416 1472 459 tuum
1532 426 1735 477 regem,
1799 426 1890 460 ora
1952 409 2187 460 omnium

332 479 601 545 locuntur3
639 479 783 547 apud
821 496 1001 530 01111163
1038 479 1125 530 ida
1163 479 1406 546 agitatur.
1482 477 1640 542 Quod
1679 496 1836 546 quam
1876 477 2187 530 sceleratum

333 557 386 601 et
423 567 582 618 quam
619 549 970 618 pernitiosum
1009 549 1088 614 sit,
1128 548 1343 599 divinae
1370 555 1528 615 atque
1553 546 1814 598 humanae
1840 547 1985 616 leges
2012 549 2188 617 copio-

335 620 540 670 sissime
577 618 821 687 produnt.
894 617 1049 669 Unde
1096 626 1147 669 et
1189 616 1288 668 tibi
1335 617 1732 685 compatientes,
1783 616 1850 668 ab
1895 617 2089 669 talibus
2136 625 2188 670 te

336 690 603 758 quiescere
641 705 933 739 monemus.
1025 686 1096 739 Et
1132 687 1200 738 ad
1237 687 1510 738 dominum
1546 695 1696 738 tuum
1740 686 1906 738 multa
1949 705 2190 739 mansue-

332 759 532 811 tudinis
586 756 879 808 humilitate
936 758 1239 825 quantotius
1300 757 1494 807 reverti
1554 754 1839 808 hortamur.
1933 755 2091 821 Quod
2145 758 2191 808 si

334 827 729 896 contempseris,
780 827 1091 895 priusquam
1128 827 1184 877 in
1221 826 1429 878 diversa
1465 825 1756 877 referamur
1768 826 1808 891 ¹³,
1856 825 2191 878 anathemate

334 900 445 950 sine
473 897 633 948 dubio
660 904 711 948 te
738 897 1173 965 perstringemus,
1200 896 1368 947 donec
1394 904 1485 947 aut
1510 895 1819 958 satisfacias,
1849 903 1940 947 aut
1963 895 2191 946 Romam

332 966 476 1036 apud
523 967 776 1018 domnum
826 983 1023 1035 papam
1073 966 1482 1018 ratiocinaturus
1530 973 1695 1035 petas.
1791 963 1955 1016 Cuius
2004 963 2189 1017 litteris

331 1038 439 1088 iam
476 1036 558 1087 bis
597 1036 826 1086 monitus
865 1054 919 1087 es
958 1044 1009 1087 et
1045 1054 1076 1086 a
1106 1044 1251 1087 tanto
1286 1036 1517 1086 facinore
1554 1034 1867 1104 prohibitus
1932 1034 2114 1086 'Unde
2141 1043 2192 1086 et

330 1125 426 1158 nos
466 1115 588 1176 post
623 1104 771 1156 illum
808 1106 972 1156 tercio
1012 1106 1119 1155 iam
1165 1114 1215 1157 te
1262 1105 1330 1156 ad
1379 1105 1758 1157 correctionem
1812 1105 2187 1156 revocamus’c.

333 1177 483 1242 Quae
520 1176 681 1227 totius
721 1174 894 1226 sinodi
931 1176 1239 1227 auctoritate
1266 1175 1527 1241 roborata,
1567 1174 1690 1226 duci
1715 1192 1810 1243 per
1834 1173 2036 1244 legatos
2061 1192 2189 1227 mox

330 1247 531 1298 directa
569 1253 661 1297 est.

964 1314 1045 1365 78.
1104 1313 1314 1365 Causasl
1350 1313 1574 1366 Artoldi.

468 1401 598 1452 Post
634 1398 766 1451 haec
805 1418 1023 1468 surgens
1049 1398 1304 1450 Artoldus
1331 1399 1761 1469 archiepiscopus
1777 1409 1813 1465 θ,
1850 1416 2027 1451 16111111
2055 1398 2188 1450 ordi-

328 1488 466 1535 nem,
507 1470 598 1521 sed
636 1477 687 1521 et
722 1470 890 1538 ipsius
926 1467 1030 1520 litis
1078 1469 1303 1536 initium,
1355 1488 1490 1538 quae
1537 1468 1839 1538 agitabatur
1888 1469 2025 1520 inter
2076 1486 2191 1519 sese

330 1548 381 1591 et
441 1540 727 1608 Hugonem
789 1538 891 1589 sibi
951 1538 1296 1607 subrogatum
1366 1540 1701 1608 episcopum,
1773 1537 2190 1591 luculentissime

327 1609 629 1660 disseruitf·
651 1619 682 1659 1.
766 1608 909 1673 Quin
946 1617 997 1660 et
1034 1607 1314 1677 epistolam
1350 1608 1565 1676 profert,
1603 1609 1907 1678 nuperrime
1940 1627 1972 1660 a
1996 1607 2190 1659 domno

327 1698 470 1748 papa
507 1677 608 1730 sibi
647 1677 920 1743 directam,
958 1696 1054 1747 per
1092 1696 1252 1747 quam
1290 1679 1661 1747 episcopatum
1711 1678 1813 1731 sibi
1855 1677 2190 1730 retinendum

328 1747 666 1818 significabat
684 1757 719 1798 2.
767 1748 897 1799 Post
923 1748 1071 1798 cuius
1097 1748 1588 1817 interpretationem
1625 1747 1944 1816 Sigeboldus
1973 1746 2190 1818 quidam

326 1818 554 1888 predicti
590 1818 836 1886 Hugonis
876 1816 1099 1869 clericus
1150 1817 1310 1869 aliam
1361 1836 1489 1869 mox
1528 1817 1805 1887 epistolam
1845 1817 2031 1869 sinodo
2070 1835 2188 1886 por-

327 1889 481 1955 rexit,
537 1889 723 1957 signos
761 1887 944 1939 domni
979 1906 1154 1957 papae
1180 1889 1439 1940 munitam
1478 1897 1529 1940 et
1565 1887 1633 1940 ab
1659 1887 1807 1940 Urbe
1839 1907 1871 1939 a
1897 1906 2011 1940 sese
2049 1886 2189 1938 dela-

325 1966 449 2010 tam.
526 1958 676 2022 Quae
715 1958 875 2009 etiam
912 1958 967 2008 in
1005 1965 1294 2026 conspectu
1338 1959 1714 2028 episcoporum
1762 1958 1983 2010 recitata
2029 1965 2188 2027 atque

327 2027 726 2097 diligentissime
754 2027 996 2078 discussa
1023 2035 1117 2079 est.
1179 2028 1243 2078 In
1269 2029 1418 2079 cuius
1444 2036 1595 2080 textu
1619 2028 1676 2079 id
1702 2027 1871 2080 solum
1897 2026 2186 2092 dicebatur,

329 2097 472 2167 quod
507 2094 764 2148 Rodulfus
800 2096 1171 2148 Laudunensis
1222 2099 1524 2167 episcopus,
1568 2097 1732 2149 Wido
1773 2099 1931 2149 etiam
1971 2097 2188 2149 Suesso-

326 2168 502 2233 nicus,
574 2183 782 2218 necnon
844 2174 896 2217 et
954 2165 1298 2235 Hildegarius
1354 2167 1713 2235 Belvacensis,
1778 2168 1938 2219 ceteri
1977 2184 2188 2236 quoque

326 2237 601 2289 Remensis
662 2235 934 2287 dioceseos
989 2237 1229 2306 episcopi
1289 2236 1391 2288 adh
1449 2236 1629 2288 sedem
1688 2235 2035 2306 apostolicam
2089 2254 2186 2305 pro

325 2307 653 2359 restitutione
723 2305 995 2375 Hugonisi
1076 2314 1127 2357 et
1205 2305 1542 2358 abdicatione
1616 2306 1825 2358 Artoldi
1906 2305 2188 2375 epistolam

326 2377 591 2442 miserint,
652 2375 790 2427 unde
827 2384 879 2428 et
916 2375 1171 2427 domnum
1207 2394 1404 2445 papam
1437 2376 1505 2427 ad
1534 2395 1715 2428 eorum
1746 2384 1871 2428 vota
1897 2394 2187 2446 eorumque

325 2447 636 2514 petitionem
683 2445 860 2496 omnia
895 2445 1043 2496 fieria
1079 2444 1229 2497 velle.
1310 2447 1439 2498 Post
1483 2447 1632 2498 6111113
1669 2446 2033 2498 recitationem
2069 2463 2186 2514 pre-

327 2516 453 2568 dicti
479 2533 606 2567 mox
634 2524 1008 2584 consurgentes
1035 2516 1286 2585 episcopi,
1322 2515 1573 2585 epistolae
1601 2517 1949 2568 sententiamk
1975 2516 2185 2584 penitus

326 2585 665 2637 confutarunt
713 2603 776 2636 ac
827 2584 1210 2638 calumniarum
1247 2586 1557 2637 iniectorem
1594 2586 1861 2638 hominem
1896 2584 2185 2655 perditissi-

324 2674 471 2707 mum
531 2654 912 2706 adclamarunt.
1012 2655 1219 2721 Quibus
1281 2673 1404 2707 cum
1466 2657 1752 2708 contrairel
1814 2673 1921 2707 non
1980 2662 2183 2724 posset,

327 2725 646 2846 qu1i3busdam
682 2723 978 2776 maledictis
1017 2744 1106 2777 eos
1143 2725 1375 2792 adortUS,
1412 2725 1625 2796 publice
1658 2726 1723 2777 de
1749 2725 1973 2796 perfidia
2009 2724 2184 2777 crimi-
2236 2785 2240 2788 .

324 2813 392 2845 na
432 2803 548 2846 atur
562 2805 611 2845 ¹¹¹.

553 2894 633 2945 79.
695 2892 1144 2946 Calumniatorisn
1183 2896 1554 2965 episcoporum
1591 2894 1894 2964 reprobatio
1908 2905 1948 2946 ¹¹.

122 2989 307 3027 ’f01.28¹.
466 2978 645 3028 *Tunc
682 2997 714 3029 a
751 2978 944 3030 domno
971 2979 1178 3031 Marino
1205 2980 1522 3046 decernitur,
1559 2988 1618 3031 ut
1643 2981 1927 3032 recitentur
1951 2977 2184 3049 capitula

325 3047 390 3099 de
428 3047 894 3100 calumniatoribus
932 3049 1152 3118 prolata.
1228 3050 1435 3115 Quibus
1475 3067 1603 3101 mox
1627 3049 1792 3116 lectiS,
1832 3067 1953 3101 cum
1987 3047 2181 3101 calum-

323 3119 495 3169 niator
531 3117 687 3168 reniti
724 3136 830 3168 non
867 3127 1061 3187 posset,
1101 3120 1473 3190 episcoporum
1510 3119 1696 3170 iuditio
1734 3120 2043 3171 diaconatus
2076 3135 2181 3188 quo

422 3236 458 3277 a)
490 3241 573 3277 post
600 3238 680 3269 add.
799 3238 837 3278 b)
867 3239 934 3271 fer.
967 3240 1000 3271 1.
1116 3238 1149 3279 c)
1179 3249 1443 3272 ammonemus
1473 3241 1504 3272 1.
1632 3237 1669 3280 d)
1699 3248 1721 3271 a
1746 3239 1801 3270 Ar
1827 3240 1920 3270 absc.
2036 3237 2072 3279 e)
2099 3238 2179 3270 litis

325 3287 524 3319 exordium
552 3289 666 3325 atque
694 3295 723 3318 r.
742 3295 775 3319 0.
798 3288 831 3320 1.
932 3286 961 3328 f)
990 3288 1228 3320 demonstrat
1257 3291 1288 3322 1.
1392 3287 1430 3330 g)
1458 3289 1614 3320 nomine
1645 3290 1677 3319 1.
1779 3286 1818 3328 h)
1848 3288 2052 3328 epistolam
2070 3287 2118 3318 ad
2143 3288 2178 3317 1.

322 3334 349 3376 i)
379 3336 426 3369 H.
452 3336 653 3376 epistolam
681 3335 853 3367 miserint
874 3338 905 3368 1.
984 3337 1024 3378 k)
1053 3338 1258 3377 epistolam
1289 3339 1320 3371 1.
1398 3336 1428 3379 l)
1458 3337 1586 3369 conire
1601 3346 1694 3368 corr.
1713 3337 1915 3369 contraire.
1994 3335 2046 3377 m)
2075 3335 2180 3367 codex

317 3386 436 3424 peryit
461 3388 659 3416 atramento
687 3385 852 3426 niqriori,
881 3385 905 3415 f.
935 3386 1006 3418 28¹.
1034 3387 1074 3418 in
1099 3396 1249 3418 rasura.
1363 3385 1404 3428 n)
1432 3386 1514 3424 Cal,
1542 3389 1613 3427 tor,
1640 3395 1753 3425 repro
1780 3386 1886 3420 absc..

449 3464 493 3517 1)
543 3464 611 3506 cf.
653 3464 826 3505 Artoldi
868 3464 1068 3507 libellum
1116 3467 1285 3520 synodo
1330 3467 1560 3516 directum,
1609 3478 1679 3518 ap.
1725 3464 1855 3505 Flod.
1889 3464 2006 3505 Hist.
2050 3463 2177 3505 Rem.

322 3524 401 3573 IV,
425 3525 497 3576 35,
532 3525 625 3567 LL.
658 3525 720 3576 11,
745 3525 815 3566 21.
945 3525 991 3580 2)
1025 3528 1239 3569 Richerus
1272 3526 1575 3568 Flodoardum
1606 3524 1724 3566 male
1757 3525 2031 3566 intellexisse
2053 3522 2176 3564 vide-

322 3589 404 3633 tur,
440 3587 514 3639 qui
548 3586 603 3627 de
636 3586 880 3628 litterarum
913 3588 969 3628 ab
1001 3588 1188 3630 Artoldo
1224 3590 1454 3630 missarum
1486 3587 1850 3641 interpretatione
1882 3586 2090 3639 loquitur.
