2240 3879
286 261 369 301 148
672 258 927 299 RICHERI
959 257 1377 299 HISTORIARUM
1410 256 1595 297 LIBER
1627 258 1736 298 1111.

179 402 409 469 991.regi,
448 398 514 451 ab
555 396 889 450 eoosculum
927 397 1182 466 accepit1.
1256 395 1326 446 Et
1363 413 1482 446 cum
1519 394 1584 447 de
1634 396 1849 447 obiectis
1898 394 2126 465 aliquam

281 470 585 540 purgationi
624 486 837 537 operam
875 466 1000 519 dare
1037 465 1213 531 vellet,
1251 484 1346 516 rex
1383 463 1486 516 sibi
1523 463 1763 516 sufficere
1802 464 1952 531 dixit,
2003 472 2060 516 ut
2097 483 2129 516 a

281 540 541 610 preteritis
592 539 883 607 quiesceret
929 544 979 588 et
1023 535 1213 588 exinde
1258 534 1358 585 sibi
1403 533 1562 585 fidem
1608 534 1981 586 inviolabiliter
2026 552 2128 586 ser-

280 617 443 661 varet.
507 609 633 661 Sese
671 608 879 677 penitus
917 623 1021 656 non
1056 606 1314 674 ignorare,
1352 602 1609 654 Karolum
1647 604 1694 654 ei
1730 605 1839 655 vim
1874 602 2128 670 intulisse,

283 688 332 732 et
369 697 574 730 summa
610 677 666 728 id
709 674 1092 727 necessitudine
1140 675 1352 739 factum,
1402 682 1460 725 ut
1505 673 1572 723 ad
1618 680 1827 742 tempus
1865 691 1895 723 a
1933 692 1988 724 se
2028 673 2130 724 dis-

282 749 491 801 cederet
528 756 579 799 et
613 744 811 797 Karolo
850 745 1009 796 etiam
1045 743 1226 796 nolens
1263 743 1478 795 faveret.
1552 742 1654 794 Sed
1695 743 1817 812 quia
1851 742 1908 793 id
1931 742 2129 794 factum

282 826 408 885 erat,
447 816 587 886 quod
625 813 928 867 labefactari
962 832 1067 865 non
1103 822 1322 882 poterat,
1373 812 1539 863 multa
1582 814 1783 863 ratione
1822 813 1871 863 ei
1908 830 2021 862 esse
2056 813 2132 863 vi-

283 888 528 952 dendum,
569 894 627 937 ut
664 885 886 935 amissae
923 882 1068 934 urbis
1112 883 1400 952 dampnum
1438 881 1611 950 aliquo
1650 881 1806 932 modo
1847 879 2129 950 suppleret.

285 958 343 1010 Si
378 957 565 1007 urbem
600 955 794 1006 habere
830 961 888 1004 ut
925 961 1043 1004 ante
1080 971 1187 1004 non
1223 960 1417 1022 posset,
1457 952 1640 1003 saltem
1676 950 1932 1002 Karolum
1969 950 2038 1001 ad
2075 969 2131 1001 se

281 1027 502 1079 transire
538 1024 751 1089 faceret,
800 1032 857 1074 ut
896 1041 951 1073 se
990 1024 1342 1074 consentiente
1382 1023 1521 1091 quod
1566 1029 1871 1091 pervaserat
1914 1026 2130 1072 teneret.

282 1097 433 1149 Haec
472 1103 522 1148 et
557 1092 813 1163 ampliora
851 1091 1100 1143 Arnulfus
1139 1111 1250 1144 sese
1287 1092 1549 1143 facturum
1586 1090 1878 1161 pollicetur,
1927 1097 2132 1141 tantum

282 1175 339 1218 ut
373 1167 516 1235 regis
554 1164 721 1233 gratia
759 1163 859 1215 sibi
892 1161 1142 1213 reddatur
1179 1170 1229 1214 et
1265 1162 1377 1231 ipse
1415 1161 1559 1230 apud
1599 1180 1717 1212 eum
1754 1169 1812 1211 ut
1835 1158 2133 1230 metropoli—

282 1243 436 1288 tanus
476 1235 773 1286 honoretur.
831 1233 948 1284 Rex
973 1233 1196 1300 gratiam
1222 1231 1438 1283 indulsit
1473 1240 1523 1283 et
1549 1239 1606 1282 ut
1632 1230 1919 1299 plurimum
1955 1247 2135 1282 coram

284 1325 337 1358 se
375 1307 627 1357 honorem
663 1302 881 1354 haberet
927 1303 1233 1353 concessit2.
1307 1302 1459 1353 Unde
1512 1309 1562 1352 et
1605 1301 1803 1352 factum
1849 1309 1941 1366 est,
1988 1307 2045 1350 ut
2080 1299 2135 1348 in

282 1376 540 1446 prandio³
594 1374 677 1425 die
730 1372 915 1424 eadem
962 1373 1075 1440 regi
1130 1371 1340 1436 dexter,
1397 1369 1664 1422 Adalbero
1717 1371 1932 1438 reginae
1985 1368 2134 1421 levus

281 1445 548 1497 resideret.
611 1442 710 1493 His
748 1444 821 1493 ita
859 1460 971 1493 sese
1007 1441 1338 1503 habentibus,
1365 1440 1616 1490 Arnulfus
1637 1439 1702 1490 ab
1741 1458 1866 1508 rege
1905 1438 2134 1490 dimotus

283 1523 377 1567 est.
449 1514 641 1565 Miram
686 1514 825 1580 regis
869 1510 1277 1562 benivolentiam
1324 1509 1523 1560 Karolo
1574 1509 1839 1560 indicavit.
1925 1509 2134 1573 Quanto

284 1603 494 1655 quoque
532 1583 728 1633 honore
766 1580 910 1650 apud
937 1598 1057 1631 eum
1082 1579 1291 1631 habitus
1320 1580 1386 1630 sit
1413 1577 1699 1647 explicans,
1739 1578 1803 1629 de
1831 1578 1941 1629 eius
1967 1577 2138 1646 gratia

282 1654 569 1725 pltn⁴imum
606 1651 945 1720 gloriabatur.
1007 1652 1056 1700 A
1096 1666 1197 1719 (1110
1236 1657 1473 1718 tempore
1510 1650 1649 1717 regis
1677 1656 1728 1699 et
1751 1646 1936 1698 Karoli
1959 1665 2137 1698 recon-

283 1724 605 1777 ciliationem
641 1730 796 1791 atque
832 1720 1067 1771 favorem
1106 1719 1409 1788 quaerebat.

614 1824 696 1874 46.
770 1821 1063 1889 Exceptiob
1102 1818 1455 1870 Adalberonis
1494 1837 1525 1869 a
1560 1815 1807 1868 Karoloh.

424 1908 574 1972 Quae
612 1907 738 1957 dum
776 1907 850 1957 sie
889 1924 1001 1957 sese
1036 1904 1306 1969 haberent,
1344 1902 1610 1955 Adalbero
1649 1921 1680 1954 a
1716 1921 1840 1972 rege
1872 1901 2138 1971 digressus

283 1985 375 2044 est,
411 1976 775 2045 Karolumque
814 1983 1014 2044 petens,
1052 1974 1298 2025 Lauduni
1336 1972 1497 2025 multa
1548 1971 1834 2024 ambitione
1884 1980 2138 2040 exceptus

284 2055 377 2099 est.
449 2046 538 2098 Ad
576 2065 629 2097 se
669 2047 749 2097 sui
784 2045 1019 2110 redeunt,
1061 2044 1151 2112 (1111
1188 2053 1307 2095 ante
1334 2043 1400 2094 ab
1429 2042 1559 2093 urbe
1587 2041 1943 2094 exulaverant.
2005 2042 2138 2093 Rem

283 2116 594 2168 familiarem
631 2124 689 2166 ut
727 2123 845 2166 ante
885 2114 1186 2183 disponunt,
1226 2115 1280 2163 in
1317 2111 1458 2163 nullo
1494 2110 1791 2163 dubitantes
1830 2121 1882 2163 et
1918 2121 2139 2181 pacem⁰

282 2186 623 2257 postmodum
659 2192 942 2254 sperantes
1005 2182 1219 2234 Clerum
1259 2201 1416 2252 quem
1454 2183 1714 2247 amiserat,
1758 2183 1942 2233 revisit
1987 2182 2138 2250 eique

283 2257 612 2326 compatitur,
637 2253 1047 2306 benivolentiam
1086 2252 1326 2322 spondet,
1363 2260 1421 2303 ut
1457 2271 1488 2302 a
1527 2271 1579 2303 se
1617 2269 1723 2302 non
1751 2250 1998 2302 deficiant
2021 2251 2137 2302 hor-

284 2335 437 2378 tatur.
495 2327 784 2394 Postqualn
822 2325 946 2374 satis
975 2321 1220 2391 colloquii
1246 2341 1367 2373 cum
1395 2323 1501 2372 suis
1527 2321 1724 2388 habuit,
1764 2321 1829 2372 de
1857 2321 2137 2373 securitate

283 2396 407 2447 fidei
445 2403 495 2446 et
532 2394 676 2446 urbis
725 2414 753 2445 a
799 2392 996 2444 Karolo
1037 2393 1360 2444 convenitur.
1436 2392 1576 2456 Qui³
1624 2392 1698 2441 sic
1745 2408 1892 2441 orsus
1940 2391 2137 2460 coepit:

285 2465 565 2530 ‘Quoniam
603 2465 870 2516 Divinitas
906 2464 962 2513 in
1000 2462 1242 2514 omnibus
1280 2462 1577 2512 misericors
1625 2461 1785 2512 etiam
1822 2461 1950 2512 dum
1987 2460 2140 2530 punit

285 2534 692 2586 misericorditer
729 2541 989 2603 operatiu',
1028 2533 1163 2583 iusto
1203 2533 1314 2583 eius
1351 2531 1537 2582 iuditio
1576 2550 1660 2582 me
1698 2537 1750 2581 et
1786 2531 2051 2583 abiectum
2088 2537 2140 2581 et

281 2614 553 2675 receptum
593 2621 873 2673 cognosco,
943 2603 1074 2653 Eius
1112 2602 1373 2671 aequitate
1417 2601 1517 2652 hac
1567 2599 1696 2652 urbe
1734 2618 1818 2651 me
1856 2607 2139 2669 exceptum

285 2675 534 2740 arbitror,
599 2675 708 2725 eius
758 2672 1081 2741 benignitate
1132 2672 1272 2741 quod
1323 2678 1563 2740 superest
1598 2669 1869 2740 prestolor.
1953 2670 2138 2738 Ipsum

285 2746 443 2796 etiam
486 2762 579 2795 vos
617 2752 667 2796 et
702 2742 840 2794 hanc
889 2740 1074 2793 urbem
1123 2740 1253 2792 mihi
1300 2740 1608 2806 reddidisse,
1660 2741 1860 2809 opinor.
1933 2738 1984 2790 A
2020 2739 2137 2790 Deo

285 2815 462 2883 itaque
498 2812 761 2865 redditum
809 2812 937 2862 mihi
973 2811 1191 2881 adiungi
1227 2828 1435 2881 quaerO.
1492 2810 1702 2861 Adsunt
1726 2817 1922 2875 sancta,
1960 2827 2139 2878 super-

387 2970 425 3013 a)
450 2973 616 3012 inpando
647 2973 678 3002 1.
781 2969 819 3010 b)
844 2971 934 3011 ptio,
962 2970 1104 3002 Karolo
1132 2970 1225 3000 absc.
1327 2967 1360 3010 c)
1384 2974 1466 3009 post
1493 2970 1575 3000 add.

413 3082 454 3133 1)
491 3081 557 3122 Cf.
592 3081 793 3122 Gerberti
826 3080 1056 3133 epistolam
1093 3080 1200 3128 193,
1245 3079 1404 3120 Olleris
1447 3093 1488 3131 p.
1527 3078 1634 3117 109:
1677 3074 1879 3131 ,qo-avium
1920 3075 2138 3128 episcopo-

287 3157 385 3182 rum
419 3143 548 3195 facto
593 3142 814 3190 consultu,
866 3141 1016 3194 legatis
1061 3145 1098 3180 et
1148 3139 1282 3180 literis
1331 3139 1549 3192 synodicis
1602 3152 1652 3177 ac
1698 3136 1792 3177 miti
1835 3135 2138 3177 ammonitione

288 3203 546 3255 Arnulphus
593 3207 844 3252 conventus,
894 3202 1036 3242 decem
1078 3206 1117 3241 et
1160 3208 1248 3241 octo
1291 3199 1502 3240 continuis
1538 3196 1780 3244 mensibus,
1837 3203 1883 3236 ut
1925 3211 1953 3236 a
1994 3202 2137 3250 coepto

277 3265 436 3315 furore
478 3262 698 3303 desisteret
741 3275 867 3314 seque
914 3276 938 3300 a
982 3262 1135 3302 scelere
1173 3260 1438 3314 proditionis
1478 3265 1516 3300 et
1547 3258 1815 3308 rebellionis,
1848 3271 1930 3310 quo
1964 3256 2138 3310 impete-

291 3325 441 3371 hatur,
489 3322 750 3378 reyulariter
775 3329 1012 3376 puryaret,
1056 3321 1208 3362 noluit.
1274 3320 1362 3362 Sed
1404 3335 1498 3361 cum
1543 3334 1571 3359 a
1601 3332 1645 3360 se
1673 3320 1881 3371 fautores
1927 3317 2138 3358 maximos
2174 3343 2182 3352 ν

290 3384 504 3437 nequitiae
538 3397 644 3424 suae
677 3382 895 3424 discedere
928 3381 1072 3431 sensit,
1106 3381 1281 3424 territus
1316 3396 1457 3436 regem
1481 3379 1591 3421 adiit
1623 3378 1830 3432 ‘novisque
1854 3377 2136 3419 sacramentis
2173 3386 2176 3390 ’

293 3459 342 3485 ac
403 3443 526 3485 noi-is
584 3458 730 3485 rerum
785 3442 1102 3484 condition-ibus
1150 3442 1296 3497 regiae
1354 3455 1526 3482 mensae
1576 3439 1802 3493 particeps
1848 3441 2005 3492 factus
2063 3446 2137 3480 est.

293 3504 338 3556 ⁶2)
375 3506 440 3546 Cf.
476 3506 706 3558 epistolam
738 3504 767 3544 1.
799 3504 843 3555 1.,
872 3518 958 3558 qua
989 3510 1100 3546 teste
1133 3518 1232 3544 mox
1264 3502 1434 3544 rediens
1454 3502 1591 3554 fldem
1613 3505 1981 3541 sacramentorum
2003 3497 2138 3552 rupit,

292 3565 606 3606 conditionibus
639 3580 723 3607 non
759 3565 959 3606 servatis.
1086 3565 1132 3617 3)
1166 3564 1262 3605 scil.
1298 3563 1501 3604 Karolus.
2151 3567 2155 3571 '
