2240 3879
213 387 295 420 992.

206 437 295 468 Mai.

99 486 172 520 Tit.
189 485 223 527 3,
241 486 297 519 10.

212 995 293 1029 994.

118 1762 181 1805 ⁸p.
209 1764 294 1797 652.

319 236 403 276 170
710 234 966 277 RICHERI
998 236 1417 278 HISTORIARUM
1450 238 1635 280 LIBER
1668 240 1780 280 1111.

317 382 496 438 contra
532 379 744 442 patrum
782 373 993 426 decreta
1032 382 1418 444 suggereretur,
1459 393 1668 427 cassum
1703 386 1755 430 et
1791 379 1999 431 irritum
2035 378 2164 448 fieri,

313 443 463 494 iuxta
502 442 644 511 quod
681 443 950 512 apostolus
977 444 1072 495 ait:
1135 444 1457 496 ‘Hereticum
1482 445 1748 498 hominem
1775 456 1826 499 et
1849 447 1917 500 ab
1945 447 2167 501 ecclesia

313 513 706 564 dissentientem
781 515 989 581 penitus
1051 514 1258 565 devita'.
1373 513 1485 566 Nec
1544 516 1718 567 minus
1778 517 2168 571 abdicationem

314 581 519 633 Arnulfi
555 590 605 633 et
642 583 1029 650 promotionem
1068 582 1333 649 Gerberti,
1372 592 1528 652 prout
1575 585 1642 636 ab
1682 585 1756 636 eis
1794 587 2065 640 ordinatae
2116 596 2168 640 et

313 661 557 722 peractae
594 660 783 717 essent,
818 660 1078 721 perpetuo
1105 652 1305 721 placuit
1331 654 1538 719 sanciri,
1576 655 1728 705 iuxta
1756 656 1898 724 quod
1933 658 1989 707 in
2014 675 2167 709 cano-

313 722 466 774 nibus
494 722 750 788 scriptum
775 719 1023 772 habetur:
1075 722 1291 775 ‘Sinodo
1317 722 1629 791 provinciali
1665 732 1919 776 statutum
1956 744 1988 777 a
2023 725 2165 779 nullo

314 800 508 843 temere
546 789 999 842 labefactandum’.

547 890 629 940 90.
702 889 970 958 Impetusa
1010 889 1213 943 Odonis
1251 900 1301 943 et
1337 890 1587 943 Fulconis
1624 893 1796 944 intera
1833 911 1887 945 se
1903 901 1939 945 ³.

452 972 570 1024 Hac
609 981 920 1042 tempestate
957 973 1094 1026 bella
1131 974 1308 1028 civilia
1344 984 1589 1045 reparata
1626 984 1761 1027 sunt.
1849 976 1986 1029 Cum
2028 977 2168 1029 enim

313 1043 638 1094 tirannorum
675 1043 878 1094 insidiis
919 1042 1122 1095 Odonis
1161 1053 1213 1097 et
1248 1044 1498 1097 Fulconis
1549 1045 1613 1097 de
1650 1046 1978 1099 Brittanniae
2026 1048 2167 1117 prin-

313 1113 491 1181 cipatu
509 1113 625 1163 rixa
645 1122 960 1181 resurgeret,
979 1112 1079 1164 illis
1102 1113 1478 1166 dissidentibus
1498 1114 1687 1184 reliqui
1707 1117 1866 1167 etiam
1883 1134 2168 1185 regnorum

312 1183 581 1252 principes
618 1185 748 1235 moti
785 1184 1092 1235 dissensere.
1155 1184 1274 1236 Rex
1299 1183 1549 1236 Fulconis
1574 1194 1751 1252 partes
1785 1186 2005 1253 tutabat,
2047 1186 2167 1239 Odo

315 1270 527 1303 suorum
567 1270 774 1304 necnon
812 1262 862 1304 et
899 1255 1214 1321 piratarum,
1256 1255 1347 1323 qui
1383 1272 1507 1322 rege
1558 1254 1764 1306 deserto
1803 1255 1872 1306 ad
1910 1275 1965 1308 se
2002 1264 2168 1308 trans-

311 1323 503 1388 ierant,
577 1323 1069 1392 Aquitanorumque
1145 1325 1311 1391 copiis
1378 1323 1540 1374 fretus
1607 1324 1904 1377 incedebat.
2012 1325 2169 1378 Unde

311 1393 356 1442 F
360 1390 478 1443 ulco
522 1393 577 1442 in
617 1392 861 1444 Odonem
899 1411 1139 1460 preceps,
1189 1395 1299 1444 eius
1339 1401 1533 1444 terram
1572 1393 1924 1463 depopulatur
1961 1403 2013 1447 et
2047 1403 2170 1464 post

310 1463 366 1511 in
404 1478 465 1512 ea
501 1462 642 1512 nonb
680 1460 865 1530 procul
901 1462 967 1513 ab
995 1463 1125 1513 urbe
1152 1462 1416 1513 Turonica
1445 1462 1735 1531 oppidumc
1762 1465 1987 1515 exstruit
2011 1473 2168 1534 atque

312 1530 504 1595 munit,
546 1531 725 1597 copias
764 1532 940 1599 ponit3
985 1530 1238 1582 militibus
1277 1530 1487 1599 implet,
1540 1540 1591 1583 et
1629 1533 1753 1600 quia
1789 1532 1860 1583 ad
1893 1533 1994 1585 hoc
2031 1534 2169 1585 diru-

312 1599 507 1652 endum
547 1600 791 1653 Odonem
830 1600 1180 1651 adventurum
1218 1599 1489 1669 sperabat,
1534 1619 1715 1669 regem
1752 1602 1926 1671 petiit,
1972 1602 2170 1655 auxilia

310 1668 700 1738 imploraturus.
777 1669 878 1722 Cui
917 1688 1037 1720 cum
1074 1688 1171 1722 rex
1217 1669 1475 1721 auxilium
1524 1669 1888 1740 polliceretur,
1942 1670 2169 1724 obstina-

310 1741 439 1791 tiore
479 1741 654 1790 animo
710 1738 992 1791 ferebatur.
1066 1740 1281 1809 *Itaque
1339 1741 1518 1809 copias
1566 1750 1747 1792 contra
1791 1740 2000 1793 hostem
2050 1759 2170 1794 con-

311 1827 587 1878 gressurus
633 1818 799 1878 parat.
882 1809 1191 1861 Exercitum
1237 1808 1448 1879 colligit.
1529 1809 1843 1880 Bellumque
1882 1810 2059 1863 Odoni
2093 1812 2168 1863 in-

312 1879 452 1930 dicit..
529 1878 648 1930 Odo
699 1878 902 1948 pudore
951 1880 1182 1945 taetusd,
1234 1897 1262 1930 a
1302 1878 1467 1931 Gallis
1506 1879 1685 1948 Belgis
1736 1879 1972 1933 subsidia
2019 1881 2168 1950 petit.

314 1949 372 2000 Si
408 1949 597 2014 adsint,
635 1949 859 2018 gratiam
898 1967 1012 2000 sese
1050 1958 1575 2017 recompensaturum
1614 1950 1852 2018 spondet.
1924 1949 2010 2002 Illi
2043 1950 2170 2004 libe-

312 2017 489 2069 raliter
533 2026 771 2069 annuunt
819 2018 1086 2087 fidemque
1124 2019 1337 2069 faciunt.
1419 2018 1531 2070 Nec
1569 2021 1743 2071 minus
1781 2018 2169 2072 Flandrensese

312 2089 533 2139 accersit
582 2087 648 2139 ab
697 2089 876 2156 eisque
913 2087 1131 2139 tutelam
1177 2089 1356 2157 petiit,
1403 2089 1577 2140 vicem
1614 2088 1870 2157 pollicens
1884 2129 1896 2156 ,
1944 2091 1988 2141 si
2027 2089 2170 2159 quod

313 2157 447 2226 petit
482 2175 589 2208 non
627 2156 876 2209 abnuant.
949 2157 1032 2208 Illi
1065 2175 1275 2227 quoque
1301 2158 1476 2208 animo
1503 2156 1706 2210 liberali
1733 2161 1940 2228 quesita
1963 2177 2170 2212 accom-

312 2227 545 2278 modant.
637 2227 828 2278 Piratis
884 2228 1042 2278 etiam
1096 2227 1296 2295 legatos
1354 2226 1614 2294 dirigenS,
1674 2229 1851 2296 copias
1906 2228 2009 2280 sibi
2063 2247 2170 2281 non

312 2297 496 2363 negari
533 2296 791 2365 deposcit.
865 2296 1099 2366 Tempus
1139 2308 1189 2348 et
1225 2296 1370 2347 locus
1400 2297 1644 2349 omnibus
1678 2298 2025 2361 constituitur,
2065 2316 2169 2368 quo

315 2365 517 2417 collecti
557 2384 670 2417 sese
715 2365 1002 2418 conferant.
1080 2366 1198 2419 Odo
1246 2367 1456 2417 interim
1509 2384 1631 2418 suos
1682 2366 1886 2436 placat,
1943 2366 2171 2436 colligitf

314 2444 366 2488 et
418 2436 617 2487 incitat.
708 2435 979 2505 Ratusque
1029 2434 1220 2503 Belgas
1277 2444 1328 2487 et
1381 2437 1579 2505 piratas
1626 2437 1993 2505 tempestiVOS,
2050 2454 2171 2489 cum

315 2522 531 2556 suorum
578 2506 764 2574 paucis
819 2514 965 2557 tanta
1011 2505 1271 2558 celeritate
1315 2506 1369 2555 in
1418 2504 1711 2558 Fulconem
1765 2505 1956 2573 fertur,
2011 2514 2070 2559 ut
2116 2508 2171 2558 in

315 2575 599 2627 certamine
636 2573 754 2644 plus
790 2575 929 2626 4000
966 2585 1323 2645 pugnatorum
1348 2592 1454 2625 non
1479 2574 1712 2628 haberet.
1776 2575 1963 2629 Castro
1995 2583 2171 2628 tamen
2200 2576 2203 2578 ’

315 2644 645 2696 obsidionem
682 2643 898 2697 adhibet
934 2644 1313 2715 armiferosque
1355 2643 1603 2713 disponit.
1674 2645 1981 2698 Castrenses
2006 2644 2170 2699 multo

315 2721 507 2765 conatu
543 2714 780 2783 adurget.

393 2815 474 2865 91.
549 2812 797 2865 Fulconis
835 2812 1183 2883 supplicatio&
1219 2814 1398 2883 apudg
1438 2813 1681 2866 Odonem
1717 2833 1814 2884 per
1847 2813 2099 2884 legatosg.

453 2897 621 2949 Fulco
677 2916 856 2967 regem
910 2908 1203 2950 morantem
1258 2916 1361 2950 non
1423 2897 1799 2951 auxiliaturum
1860 2908 1912 2951 et
1967 2899 2170 2953 Odonis

318 2968 610 3018 exercitum
649 2967 1030 3019 intolerabilem
1068 2976 1228 3035 ratus,
1265 2969 1553 3019 remissiori
1589 2987 1717 3020 mox
1749 2970 1924 3021 animo
1962 2968 2172 3021 habitus

319 3045 410 3088 est.
460 3037 647 3106 Itaque
674 3056 769 3105 per
793 3037 993 3105 legatos
1023 3037 1225 3090 Odonis
1252 3038 1538 3089 amicitiam
1566 3040 1782 3108 expetit.
1835 3039 1939 3090 Pro
1969 3038 2172 3091 Conani

316 3107 529 3158 interitu
568 3106 699 3156 10011
738 3107 914 3175 pondo
952 3108 1155 3175 argenti
1191 3126 1302 3159 sese
1337 3108 1701 3175 impensurum
1735 3107 1966 3162 mandat.
2026 3107 2170 3159 Loco

317 3175 495 3226 militis
514 3174 774 3227 interfecti
793 3175 957 3226 filium
979 3195 1131 3227 suum
1152 3195 1248 3246 pro
1271 3195 1332 3228 eo
1353 3176 1698 3228 militaturum
1719 3177 1884 3228 offert.
1924 3176 2172 3229 Castrum

318 3252 617 3296 extructum
656 3246 711 3295 in
748 3247 858 3296 eius
896 3245 1092 3297 honore
1131 3265 1244 3298 sese
1283 3264 1588 3297 eversurtun
1624 3254 1783 3316 atque
1819 3264 1851 3297 a
1899 3247 2007 3298 suis
2054 3263 2171 3297 eva-

318 3322 615 3379 cuaturum3
668 3331 782 3366 sese
822 3333 1030 3385 quoque
1069 3316 1117 3367 ei
1163 3323 1349 3385 sponte
1400 3315 1678 3367 militatum
1724 3316 1815 3381 ire,
1866 3316 1910 3366 si
1957 3314 2012 3367 id
2058 3314 2190 3384 regi²>

416 3447 452 3489 a)
482 3451 603 3489 petus,
630 3449 680 3489 in,
710 3458 750 3481 se
777 3448 869 3480 absc.
971 3448 1008 3490 b)
1038 3459 1074 3481 n.
1104 3459 1140 3490 p.
1169 3451 1208 3481 in
1235 3450 1309 3481 Ioco
1337 3459 1434 3482 ναεο.
1538 3447 1570 3488 e)
1602 3451 1767 3480 castrum
1781 3458 1958 3489 super-scr.
1976 3448 2168 3489 oppidum.

322 3494 359 3535 d>
376 3499 399 3527 t.
415 3496 546 3528 Gallos
556 3496 696 3535 Belgas
709 3499 742 3529 1.
796 3496 830 3537 0)
843 3497 1104 3530 Frandrenses
1116 3508 1291 3538 ευμεν-εον.
1310 3500 1334 3531 1.
1388 3497 1511 3538 f)post
1522 3498 1603 3528 add.
1656 3495 1694 3537 g)
1707 3498 1798 3539 ppli,
1810 3498 1923 3539 apud,
1936 3501 2065 3537 egatos
2075 3497 2167 3529 absc.
2184 3522 2189 3524 >

321 3542 358 3585 h)
388 3545 435 3574 ita
464 3544 500 3584 P,
530 3552 551 3577 ῦ
578 3550 601 3585 15
626 3555 676 3584 c,;
707 3546 1137 3586 ριιὶᾱὸεἰφιξήςειηεεοὶο
1166 3547 1345 3589 (fortasse
1361 3547 1467 3578 mille
1481 3545 1536 3587 ‘?);
1564 3550 1586 3578 ὃ
1613 3544 1779 3586 (utPercz
1793 3546 1887 3587 leyit)
1917 3544 2170 3579 esset100000.
