2240 3879
504 158 755 198 RICHERI
788 158 1200 199 HISTORIARUM
1232 160 1414 200 LIBER
1447 160 1479 199 Ι.
1852 162 1897 199 11

207 296 281 348 13.
359 294 596 348 Odonisa
633 294 828 347 reditus
866 294 932 346 ab
970 294 1287 363 Aquitaniaa
1325 297 1539 365 eiusque
1579 296 1766 349 obitus.

208 379 363 445 Quod
399 380 595 430 factum
635 379 752 432 Odo
790 398 884 430 rex
921 380 1244 447 comperiens
1260 380 1297 444 ¹³,
1335 378 1401 429 ab
1429 380 1714 447 Aquitania
1751 381 1899 433 redit.

67 449 371 518 Urbemque
410 449 726 500 Turonicam
771 456 968 518 petens,
1019 455 1285 498 sanctumc
1320 447 1604 498 Martinum
1642 449 1789 500 donis
1827 469 1904 501 re-

67 518 273 587 galibus
310 518 542 570 honorat.
619 517 808 587 Sicque
845 516 1067 567 Parisiid
1104 524 1358 585 receptus,
1413 526 1619 567 sanctos
1665 520 1901 570 martires

66 589 382 653 Dionisium,
420 588 693 639 Rusticum
730 594 780 637 et
815 584 1173 635 Eleutherimn
1221 586 1500 654 magnifice
1539 586 1711 638 donat.
1769 588 1902 638 Tan-

67 658 188 708 dem
224 656 382 708 fluvio
420 657 660 708 Matrona
708 672 963 718 remenso,
1001 654 1271 723 Belgicam
1318 655 1623 723 ingreditur.
1696 655 1776 706 Ac
1815 675 1903 725 op-

66 726 190 795 pido
228 735 467 796 receptus
507 724 646 794 quod
683 723 872 774 dicitur
906 723 1095 790 Fara1,
1142 742 1234 792 pre
1281 725 1478 775 nimiae
1517 725 1780 776 anxietate
1828 727 1902 775 in-

68 797 430 847 somnietatem
479 795 589 863 pati
632 792 806 860 coepit
824 802 857 843 2.
934 792 1082 857 Quae
1122 810 1241 842 cum
1277 794 1498 844 nimium
1538 802 1900 861 succresceret,

66 867 253 916 mentis
280 865 643 917 alienationem
671 864 999 930 operabatur.
1060 862 1545 932 Superantibusque
1577 863 1899 929 humoribus,

65 953 200 985 anno
218 935 233 968 f
269 935 417 1003 regni
453 933 532 982 sui
573 931 651 997 10,
689 939 745 982 ut
783 930 997 999 quidam
1034 931 1207 982 ferunt
1243 933 1432 998 mania,
1477 941 1535 983 ut
1570 932 1657 984 alii
1694 934 1899 1000 frenesi,

63 1003 221 1055 finem
256 1005 392 1054 vitae
431 1001 648 1068 accepit.
723 999 1071 1051 Tumulaturg
1107 1019 1230 1052 vero
1271 1011 1427 1051 cumg
1475 1002 1636 1054 multo
1688 1021 1899 1054 suorum

63 1072 287 1124 lamento
325 1073 379 1120 in
415 1069 632 1121 basilica
646 1071 668 1102 ¹¹
707 1071 908 1120 sanctig
944 1070 1174 1121 Dionisii
1210 1072 1451 1122 martiris.

707 1170 782 1220 14.
854 1169 1028 1220 Mores
1066 1168 1263 1221 Karoli.

197 1252 423 1305 Karolus
472 1255 648 1322 itaque
701 1272 796 1304 rex
834 1262 1051 1320 creatus,
1108 1254 1176 1304 ad
1224 1253 1443 1305 multam
1488 1254 1897 1307 benivolentiam

60 1323 378 1375 intendebat.
455 1322 687 1392 Corpore
724 1325 1001 1392 prestanti,
1051 1324 1295 1392 ingenio3
1334 1323 1472 1375 bono
1512 1324 1842 1394 simplicique
1858 1327 1895 1377 *.

59 1393 340 1445 Exercitiis
378 1392 688 1443 militaribus
725 1411 832 1443 non
867 1392 998 1444 adeo
1036 1393 1372 1444 assuefactus.
1447 1392 1518 1445 At
1554 1393 1737 1445 litteris
1774 1394 1899 1445 libe-

58 1461 256 1514 ralibus
295 1461 580 1514 admodum
617 1462 863 1513 eruditus.
936 1463 1000 1513 In
1026 1462 1199 1514 dando
1230 1463 1489 1532 profusus,
1528 1465 1741 1514 minime
1779 1483 1898 1515 ava-

58 1532 185 1583 rusi.
259 1531 476 1600 Duplici
501 1531 685 1583 morbo
711 1531 972 1597 notabilis,
1009 1531 1241 1583 libidinis
1278 1534 1630 1600 intemperans
1669 1551 1731 1584 ac
1757 1534 1899 1585 circa

59 1601 395 1671 exsequenda
431 1601 616 1653 iuditia
652 1600 808 1670 paulo
847 1602 1209 1670 neglegentior
1243 1601 1354 1653 fuit.
1431 1600 1720 1653 Galliarum
1757 1604 1897 1671 prin-

59 1672 202 1740 cipes
241 1672 288 1722 ei
324 1672 497 1722 animo
536 1688 597 1721 ac
636 1679 958 1722 sacramento
997 1672 1189 1722 annexi
1227 1679 1358 1722 sunt.
1433 1671 1652 1722 Necnon
1690 1680 1739 1723 et
1775 1673 1896 1723 Rot-

57 1740 250 1806 bertuS,
290 1739 491 1792 Odonis
528 1741 667 1808 regis
705 1739 937 1791 defuncti
971 1740 1143 1806 frater,
1180 1741 1262 1791 vir
1298 1739 1582 1792 industrius
1620 1749 1777 1810 atque
1809 1760 1896 1792 au-

59 1810 200 1861 datia
236 1808 505 1878 plurimus,
545 1827 655 1860 sese
681 1808 1021 1860 militaturum
1045 1811 1159 1878 regi
1183 1810 1546 1861 accommodat
1562 1812 1622 1861 **.
1699 1811 1899 1875 *Quem

59 1881 218 1930 etiam
254 1898 350 1930 rex
388 1878 614 1930 Celticae
663 1878 850 1929 ducem
899 1880 1102 1947 preficit
1147 1897 1209 1930 ac
1248 1880 1302 1928 in
1339 1898 1399 1930 ea
1438 1880 1669 1930 omnium
1718 1898 1899 1948 geren-

58 1948 246 1999 dorum
284 1947 634 1999 ordinatorem
672 1947 969 2014 concedit43
1010 1949 1119 1998 eius
1157 1949 1263 1999 fere
1279 1950 1350 1971 ***
1375 1967 1471 2017 per
1498 1948 1899 2017 quadriennium

60 2017 272 2069 consilio
310 2026 459 2068 utens
495 2020 645 2087 eique
682 2017 967 2068 admodum
1005 2035 1365 2069 consuescens.
1439 2018 1489 2068 A
1517 2035 1617 2087 quo
1644 2037 1739 2087 per
1763 2018 1900 2070 Neu-

60 2088 240 2138 striam
277 2086 577 2153 deductus†,
624 2087 841 2138 urbibus
879 2095 1036 2156 atque
1075 2088 1283 2156 oppidis
1321 2087 1387 2138 ab
1426 2105 1487 2139 eo
1525 2097 1766 2157 receptus
1805 2096 1896 2140 est.

59 2155 362 2226 Urbemque
416 2157 732 2208 Turonicam
785 2162 981 2225 petens,
1037 2155 1265 2225 plurima
1318 2158 1432 2208 auri
1486 2165 1642 2226 atque
1697 2159 1901 2226 argenti

58 2225 251 2277 talenta
285 2235 462 2278 sancto
488 2226 713 2277 Martino
739 2225 1023 2278 liberaliter
1046 2228 1293 2295 impertit.
1367 2227 1419 2277 A
1456 2228 1603 2277 cuius
1641 2228 1900 2279 servitori-

58 2294 157 2346 bus
183 2314 278 2365 pro
306 2314 417 2347 sese
443 2295 557 2347 fieri
583 2295 977 2365 deprecationes
1003 2296 1287 2365 postulans,
1322 2298 1583 2365 perpetim
1609 2297 1898 2348 cotidianas

60 2364 297 2417 obtinuit.
370 2366 498 2417 Inde
548 2384 754 2435 quoque
806 2365 1047 2417 omnibus
1104 2365 1328 2417 obtentis
1364 2367 1586 2431 rediens,
1625 2365 1898 2434 Belgicam

57 2435 248 2502 repetit
272 2452 334 2485 ac
361 2443 596 2486 sanctum
621 2436 921 2503 Remigium
957 2434 1108 2486 donis
1146 2436 1370 2504 egregiis
1407 2434 1642 2486 honorat.
1715 2435 1785 2486 Et
1823 2437 1898 2485 sic

183 2552 220 2606 ²⁸)
256 2553 338 2594 Cui
361 2554 490 2593 etiam
513 2550 594 2593 ink
615 2556 765 2607 primis
798 2554 1128 2595 adolescentiae
1163 2557 1288 2596 annis
1320 2569 1407 2608 pax
1440 2560 1570 2607 atque
1603 2555 1897 2608 tranquillitas

257 2615 320 2654 rei
362 2614 581 2667 publicae,
627 2614 864 2654 concordia
907 2628 1094 2669 suorum,
1139 2616 1424 2656 commoditas
1465 2617 1732 2669 privatorum
1773 2621 1899 2670 grata

261 2675 397 2715 fuere.
461 2672 541 2714 Idl
573 2688 676 2715 vero
709 2676 754 2713 in
788 2675 912 2715 brevi
948 2676 987 2715 1.
1313 2721 1316 2724 ⁴

161 2733 220 2788 **)
253 2736 348 2776 Rex
382 2748 485 2788 ergo
519 2734 791 2789 principibus
825 2733 1008 2788 stipatus
1050 2749 1102 2775 ac
1135 2735 1269 2776 multo
1304 2749 1478 2776 suorum
1520 2736 1728 2788 obsequio
1771 2735 1899 2776 incli-

258 2802 340 2846 tus,
390 2809 508 2836 more
557 2796 678 2848 regio
727 2795 850 2848 leges
900 2795 1049 2837 condit
1097 2808 1149 2836 ac
1195 2797 1374 2837 decreta
1413 2796 1562 2838 edicit.
1639 2797 1898 2838 Rotbertum

259 2870 433 2909 quoque
466 2870 499 2897 r.
537 2857 576 2895 1.

138 2915 217 2969 ***)
250 2919 301 2959 Ε.
334 2918 568 2970 plurimum
603 2930 640 2957 e.
679 2917 719 2956 1.

182 2975 224 3031 †)
259 2990 369 3030 quae
405 2982 472 3018 est
505 2976 701 3018 Celticae
734 2989 834 3031 pars
867 2975 971 3016 add.
1010 2977 1047 3016 1.

160 3068 194 3109 a)
223 3066 411 3110 O(donis)‚
439 3071 477 3099 ta
503 3068 593 3098 absc.
681 3066 719 3107 b)
749 3069 805 3099 rei
842 3067 1103 3105 magnitudine
1141 3071 1332 3107 permotus
1371 3069 1491 3099 deleta.
1579 3068 1612 3108 c)
1642 3073 1772 3101 sancto
1801 3070 1898 3101 Mar-

61 3116 142 3147 tino
170 3119 203 3149 1.
306 3115 343 3156 d)
372 3117 519 3147 Parisio
549 3119 579 3149 1.
679 3115 714 3157 e)
739 3125 772 3148 a.
801 3125 837 3147 n.
865 3124 956 3147 corr.
987 3125 1023 3146 n.
1053 3124 1086 3148 a.
1186 3115 1214 3156 f)
1245 3125 1278 3147 a.
1300 3125 1326 3147 r.
1345 3125 1374 3149 S.
1396 3118 1438 3148 10
1466 3118 1547 3151 add.
1576 3119 1608 3158 2,
1637 3119 1760 3149 eisdem
1786 3118 1900 3149 verbis

59 3165 163 3204 infra
184 3169 266 3204 post
317 3165 426 3198 Tum.
455 3175 488 3197 v.
519 3165 645 3196 deletis.
786 3164 823 3204 g)
850 3164 956 3196 Tum.
986 3182 1028 3188 —
1056 3167 1163 3197 mart.
1193 3166 1230 3195 in
1256 3174 1367 3205 πιανέ).
1420 3166 1491 3206 Tu,
1529 3176 1624 3207 cum,
1664 3176 1712 3207 m,
1740 3168 1779 3198 εδ
1805 3167 1897 3198 absc.

62 3212 101 3254 h)
129 3214 212 3245 loco
239 3215 305 3253 qui
331 3214 466 3245 dicitur
494 3215 524 3244 1.
623 3212 650 3254 i)
678 3214 728 3243 ita
757 3213 798 3253 23
826 3221 961 3252 parcus
991 3214 1022 3244 1.
1123 3212 1162 3253 k)
1193 3222 1214 3244 a
1243 3216 1277 3246 1.
1389 3213 1416 3255 1)
1444 3215 1488 3246 Id
1514 3225 1549 3248 v.
1578 3217 1619 3247 in
1645 3215 1682 3247 b.
1706 3219 1788 3255 post
1815 3216 1895 3247 add.

187 3305 231 3359 1)
264 3307 331 3347 La
362 3306 488 3348 Fere.
613 3307 657 3358 2)
692 3307 832 3357 Quam
879 3306 1066 3360 plurima
1108 3307 1179 3347 hic
1218 3309 1377 3350 omissa
1423 3321 1533 3357 esse,
1576 3310 1647 3348 vix
1683 3313 1747 3349 est
1781 3308 1897 3361 quod

63 3379 331 3408 moneamus.
454 3367 499 3421 3)
534 3367 789 3409 Sallustium
824 3367 920 3409 Cat.
958 3381 994 3407 c.
1020 3367 1060 3408 5.
1094 3368 1299 3410 imitatur.
1424 3366 1472 3421 4)
1505 3369 1603 3410 Hoc
1641 3370 1685 3409 in
1719 3368 1897 3410 dubium

56 3433 194 3468 vocat
225 3427 508 3482 Barthelemy
538 3428 568 3468 l.
602 3428 632 3471 l.
666 3443 708 3482 p.
748 3429 832 3468 134
865 3441 958 3481 sqq.

1942 954 2024 989 898.

1918 1002 1999 1035 Ian.
2019 1006 2050 1037 1.

1918 1823 1929 1835 ⁸
1944 1824 2009 1857 fol.
2033 1826 2064 1858 6.
