2240 3879
189 409 270 442 938.

68 888 81 900 ⁸
102 892 166 924 fol.
199 892 269 923 16‘.

283 260 341 298 44
711 257 965 298 RICHERI
997 257 1414 298 HISTORIARUM
1447 257 1631 297 LIBER
1664 257 1726 297 Π.

290 395 469 446 Serlus
499 395 713 464 quidam
746 394 1021 447 latrocinia
1048 413 1318 460 exercens,
1357 393 1464 445 illic
1488 397 1728 463 receptui
1755 413 1869 446 sese
1895 394 2141 448 habebat.

289 464 492 516 Cohors
550 482 674 532 ergo
731 464 988 534 oppidum
1043 475 1315 535 appetens,
1376 463 1604 515 latrones
1658 465 1950 534 impugnat.
2029 464 2141 517 Nec

287 542 490 586 morata
527 535 581 585 vi
620 535 778 602 capit,
817 533 1079 586 comburit
1129 554 1191 586 36
1230 533 1451 585 subruit.
1524 533 1807 585 Latronem
1844 535 2143 603 principem

289 603 745 673 comprehensum,
787 604 1018 656 dimissis
1071 604 1382 670 minoribus,
1421 603 1535 672 regi
1573 603 1800 654 deducit.
1876 603 1982 668 Qui
2020 621 2141 654 cum

287 677 435 725 iussu
484 674 632 741 regio
680 672 990 741 gladiatoria
1041 674 1379 726 decollandus
1430 672 1741 738 traderetur,
1787 672 1998 724 Artoldi
2043 673 2142 725 Re-

287 763 493 796 morum
541 742 935 812 metropolitani
983 745 1281 796 interventu
1333 743 1557 812 gratiam
1607 743 1674 794 ab
1724 760 1849 811 rege
1901 743 2143 809 obtinuit,

287 833 349 864 ae
385 833 499 866 sese
536 812 752 864 ulterius
789 831 895 864 non
931 813 1363 864 latrocinaturum
1400 814 1616 874 iuratus,
1671 811 1817 862 abire
1855 813 2145 880 permissus

289 892 381 935 est.
457 883 590 933 *His
625 883 700 933 ita
737 884 918 951 gestis,
973 903 1069 935 rex
1106 885 1162 934 in
1197 892 1374 952 partes
1411 881 1659 951 Belgicae
1696 881 1830 933 mari
1868 882 2144 949 contiguas

288 953 561 1018 concessit,
614 952 872 1021 oppidum
920 953 974 1003 in
1023 955 1138 1022 ipso
1190 955 1384 1004 marisb
1440 960 1599 1022 portu
1654 961 1925 1002 exstruere
1981 952 2143 1002 nisus.

289 1023 390 1076 Cui
429 1024 587 1074 etiam
626 1021 743 1074 loco
785 1021 952 1073 Guiso
992 1032 1071 1074 est
1106 1033 1346 1075 nomen1.
1403 1022 1781 1091 Exceptusque
1819 1021 1885 1072 ab
1921 1019 2143 1072 Arnulfo

286 1093 518 1161 regionis
558 1091 694 1143 illius
731 1093 988 1162 principe,
1040 1093 1185 1163 apud
1236 1111 1356 1144 eum
1395 1092 1459 1143 de
1501 1090 1686 1161 oppidi
1724 1091 1987 1142 erectione
2024 1109 2144 1161 age-

286 1164 392 1215 bat.
466 1163 575 1215 Ubi
613 1162 740 1213 dum
778 1164 833 1213 in
869 1164 1077 1231 agendo
1115 1181 1290 1215 moras
1338 1162 1550 1229 faceret,
1605 1170 1833 1213 castrum
1870 1161 2145 1213 Remensis

284 1232 571 1285 aecclesiae
591 1233 803 1284 nomine
826 1232 1138 1286 Causostem
1157 1244 1175 1268 2
1203 1251 1354 1284 secus
1374 1232 1596 1283 fluvium
1615 1231 1915 1283 Matronam
1937 1231 2095 1282 situm
2108 1241 2144 1296 ⁰,

287 1303 352 1354 ab
381 1302 604 1355 Artoldo
643 1301 854 1370 presule
894 1303 1111 1369 editum,
1159 1301 1473 1354 Heribertus
1508 1301 1806 1371 proditione
1847 1300 2145 1369 ingreditur

286 1391 348 1423 36
388 1375 545 1442 capit.
621 1371 1033 1441 Castrensesque
1071 1372 1344 1438 invadens,
1401 1390 1581 1423 eorum
1628 1371 1859 1439 potiores
1909 1370 2142 1422 abducit.

285 1443 431 1493 Rura
470 1444 884 1511 circumquaque
934 1442 1288 1512 depopulatur
1336 1459 1397 1491 36
1436 1440 1739 1511 ingentibus
1778 1439 1955 1507 predis
1996 1440 2143 1508 oppi-

287 1513 413 1563 dum
451 1511 636 1581 implet
675 1522 725 1564 et
765 1531 882 1562 cum
924 1514 1083 1563 armis
1122 1511 1315 1563 milites
1353 1510 1428 1562 ibi
1468 1511 1700 1580 deponit,
1739 1510 1990 1560 aliorsum
2027 1511 2142 1579 ipse

284 1581 552 1633 secedens.

593 1711 645 1752 0
759 1683 806 1733 9.
862 1682 979 1732 Rex
1016 1680 1263 1731 Lauduni
1302 1698 1476 1732 arcem
1516 1681 1674 1749 capit.

425 1766 635 1817 Interea
682 1767 797 1834 regi
845 1766 912 1817 ab
963 1765 1369 1836 metropolitano
1418 1784 1513 1834 per
1559 1763 1761 1833 legatos
1808 1766 1909 1816 ista
1959 1783 2144 1834 sugge-

283 1846 486 1888 runtur.
551 1835 657 1900 Qui
695 1854 822 1886 mox
862 1845 1108 1904 coeptum
1146 1837 1419 1902 negotium
1455 1835 1821 1901 intermittens,
1861 1853 1955 1886 suo
1995 1836 2145 1885 auxi-

283 1905 504 1957 liaturus
542 1905 853 1973 regreditur.
902 1905 1096 1957 Milites
1136 1905 1335 1975 colligit
1360 1924 1422 1957 ac
1450 1905 1743 1956 exercitum
1779 1912 1947 1974 parat.
2006 1903 2144 1957 Cum

287 1993 389 2045 quo
450 1974 769 2026 Laudunum
831 1976 1064 2040 veniens,
1126 1993 1303 2027 arcem
1366 1975 1431 2026 ab
1494 1974 1778 2026 Heriberto
1839 1993 2008 2044 nuper
2067 1975 2143 2027 ibi

287 2053 612 2096 exstructam
664 2054 714 2096 et
760 2064 790 2095 a
827 2046 934 2095 suis
985 2045 1158 2095 adhuc
1208 2045 1474 2097 detentam
1521 2043 1740 2095 obsidet.
1827 2045 1900 2096 At
1952 2044 2042 2113 qui
2087 2045 2143 2095 in

287 2133 407 2166 arce
463 2122 610 2165 erant
665 2113 936 2166 rebellioni
992 2133 1106 2166 sese
1159 2123 1362 2182 parant.
1451 2115 1568 2165 Rex
1622 2131 1746 2182 ergo
1798 2114 2143 2165 circumcirca

287 2185 585 2252 sagittarios
636 2184 909 2251 adhibens,
959 2183 1250 2235 missilibus
1302 2185 1545 2236 evincere
1593 2183 1838 2235 instabat.
1923 2183 1986 2233 In
2037 2201 2143 2252 quo

287 2253 513 2305 tumultu
563 2255 685 2305 hinc
742 2254 863 2305 inde
921 2273 1079 2323 quam
1135 2253 1312 2322 plures
1369 2254 1589 2304 sauciati
1643 2253 1804 2320 fuere,
1862 2270 1980 2304 cum
2035 2271 2142 2304 non

285 2325 460 2374 minus
502 2324 591 2394 qui
627 2325 681 2374 in
718 2341 837 2374 arce
877 2333 1023 2374 erant
1061 2325 1266 2392 sagittis
1294 2324 1515 2384 aliisque
1542 2322 1828 2375 missilibus
1854 2332 2143 2376 uterentur.

286 2393 403 2444 Rex
443 2411 567 2462 ergo
606 2412 727 2444 cum
764 2394 922 2446 finem
973 2394 1318 2462 oppugnandi
1369 2388 1611 2446 viribusd
1660 2411 1766 2444 non
1803 2393 2028 2459 fecisset,
2067 2393 2144 2443 in-

286 2464 502 2531 geniose
542 2481 630 2514 eos
669 2481 857 2532 capere
898 2463 1179 2532 cogitabat.

838 2564 916 2614 10.
954 2562 1232 2614 Machinae
1273 2564 1601 2632 compositio.

424 2647 574 2698 Fecit
610 2648 787 2717 itaque
827 2667 893 2700 ex
920 2647 1394 2700 vehementissimis
1432 2648 1589 2717 lignis
1627 2648 1918 2717 compactis
1945 2645 2142 2697 machi-

285 2734 408 2766 nam
446 2719 612 2769 instar
648 2716 989 2786 longilaterae
1029 2718 1233 2784 domus,
1277 2718 1559 2770 duodecim
1596 2719 1832 2770 virorum
1871 2734 2142 2785 capacem,

284 2786 500 2837 humani
539 2788 772 2855 corporis
812 2797 1041 2840 staturae
1079 2789 1133 2839 in
1160 2787 1264 2840 alto
1291 2787 1582 2857 aequalem.
1631 2787 1794 2840 Cuius
1820 2787 2048 2856 parietes
2076 2784 2141 2837 de

285 2856 486 2923 ingenti
523 2855 787 2924 lignorum
832 2858 1038 2924 robore,
1091 2867 1289 2910 tectum
1327 2877 1451 2909 vero
1503 2857 1568 2908 de
1607 2857 1751 2908 duris
1789 2874 1852 2907 ac
1888 2856 2141 2908 intextise

287 2925 517 2976 cratibus
558 2927 835 2978 exstruxit.
913 2927 1013 2980 Cui
1063 2928 1220 2980 etiam
1258 2929 1573 2980 intrinsecus
1610 2937 1752 2978 rotas
1791 2935 2017 2995 quatuor
2053 2924 2141 2976 ad-

286 2994 472 3060 hibuit,
524 2995 663 3047 unde
707 2997 952 3047 machina
997 2997 1063 3049 ab
1112 2998 1176 3048 iis
1226 2998 1315 3067 qui
1352 2998 1665 3048 intrinsecus
1713 2995 1936 3048 laterent
1972 3012 2141 3064 usque

285 3064 354 3114 ad
391 3081 564 3115 arcem
603 3064 973 3134 impelleretur.
1047 3067 1120 3119 At
1161 3075 1361 3119 tectum
1409 3085 1516 3118 non
1560 3084 1728 3135 aeque
1767 3072 1987 3116 stratum
2024 3064 2139 3130 fuit,

285 3151 469 3184 verum
526 3133 593 3185 ab
649 3137 893 3188 acumine
950 3137 1138 3189 dextra
1192 3136 1417 3206 levaque
1472 3134 1822 3205 dependebat,
1878 3144 1937 3186 ut
1990 3133 2140 3187 iactis

285 3201 555 3272 lapidibus
593 3203 796 3255 facilius
834 3205 1044 3275 lapsum
1081 3207 1339 3275 preberet.
1428 3205 1577 3270 Quae
1626 3212 1912 3268 exstructa,
1961 3203 2141 3255 tironi-

284 3271 385 3324 bus
424 3291 550 3323 mox
587 3273 804 3343 impleta
841 3284 922 3326 est
958 3294 1021 3326 ac
1059 3276 1127 3327 ad
1164 3293 1341 3327 arcem
1384 3276 1513 3327 rotis
1562 3273 1848 3326 mobilibus
1894 3271 2140 3343 impulsa.

384 3408 421 3449 a)
451 3409 522 3439 tori
552 3409 621 3439 iam
648 3409 713 3449 lessi
747 3411 879 3449 nequit.
992 3410 1030 3451 b)
1060 3413 1175 3442 maris
1205 3412 1317 3443 situm
1347 3409 1477 3451 li(tore
1489 3409 1519 3450 ‘.>)
1551 3412 1583 3442 1.
1688 3408 1721 3450 c)
1751 3409 1814 3441 del.
1838 3409 1908 3440 sed.
1926 3409 2138 3439 restitutum.

286 3455 323 3495 d)
347 3462 430 3496 post
457 3457 538 3490 add.
644 3457 678 3499 e)
708 3459 858 3489 intectis
887 3468 978 3490 corr.
1008 3461 1176 3492 intextis.

412 3558 455 3611 1)
479 3561 615 3600 Visan
640 3562 731 3600 sive
755 3560 910 3600 Vitsan
935 3561 988 3599 ab
1015 3561 1247 3601 occidente
1274 3560 1417 3601 caleti
1441 3557 1650 3614 (Calais).
1729 3559 1775 3612 2)
1800 3559 1866 3599 La
1882 3557 2141 3599 chaussde?
