2240 3879
307 234 362 272 76
740 230 995 271 RICHERI
1028 229 1444 271 HISTORIARUM
1477 230 1661 273 LIBER
1693 231 1755 273 11.

202 372 488 439 94011011οὃι
539 370 888 439 mancipatus.
975 368 1069 420 Ille
1115 387 1240 420 vero
1288 387 1372 419 me
1421 369 1624 437 eripere
1672 367 1950 435 simulans,
1989 369 2161 421 hfilios

111 1145 124 1160 ⁶
136 1148 201 1180 fol.
218 1149 290 1181 27‘.

306 457 452 491 meos
503 439 616 491 iure
669 439 915 490 obsidum
966 438 1165 490 dandos
1216 438 1444 507 petebat.
1529 437 1604 489 At
1651 439 1715 489 iis
1765 440 1855 508 qui
1892 438 2022 489 mihi
2057 439 2162 491 fide

306 508 541 561 adiuncti
587 517 736 560 erant
785 518 1001 560 omnesC
1053 508 1201 560 dariC
1249 506 1676 574 reclamantibUS,
1715 508 1931 559 dimisso
1969 526 2093 575 un0,
2131 527 2165 560 a

306 579 490 648 piratis
528 596 613 629 me
648 579 866 646 recepit.
939 579 1054 630 Iam
1092 576 1389 629 libertatem
1427 595 1660 646 speranS,
1702 595 1804 646 quo
1837 579 2043 630 animus
2068 579 2164 629 im-

305 646 523 717 pelleret
567 649 644 699 ire
692 647 953 699 volebam.
1027 647 1229 698 Verum
1278 645 1428 698 aliter
1476 648 1782 715 provenisse
1827 648 2165 699 manifestum

307 726 398 769 est.
497 716 634 768 Nam
698 724 913 787 captum
967 735 1095 768 mox
1156 718 1211 768 in
1266 714 1481 767 vincula
1536 717 1795 768 coniecitd
1840 736 1904 768 ac
1950 716 2166 769 annuali

307 788 506 839 carceri
543 787 867 855 mancipavit
883 787 920 838 d.
1005 786 1162 839 Unde
1202 805 1323 838 cum
1361 805 1392 837 a
1431 787 1668 855 cognatis
1719 793 1770 838 et
1807 788 1992 838 amicis
2029 787 2164 839 meis

304 855 741 924 indignantibusC
778 874 893 908 sese
929 855 1292 926 impetendum
1332 855 1641 922 adverteret,
1678 854 2008 908 libertateme
2048 874 2167 926 spo-

305 927 493 995 pondit
508 926 540 991 f,
586 926 629 977 si
673 925 995 977 Laudunum
1041 927 1310 995 acc-iperet
1324 925 1351 978 f.
1426 925 1546 976 Hoc
1608 934 1810 977 tantum
1862 925 2165 990 claudebar,

304 997 406 1047 hoc
463 995 571 1046 solo
630 1014 751 1046 cum
806 1014 972 1046 uxore
1028 1004 1079 1048 et
1131 997 1268 1047 natis
1315 996 1625 1063 recipiebar.
1713 995 1855 1061 Quid
1897 995 2167 1048 facerem?

310 1064 497 1117 Castro
536 1066 701 1117 vitam
738 1065 1005 1134 preposui.
1079 1066 1182 1116 Pro
1223 1074 1395 1117 castro
1432 1065 1727 1117 libertatem
1763 1067 1946 1117 merui.
2001 1066 2074 1117 Et
2100 1084 2166 1117 en

309 1134 555 1187 omnibus
609 1136 876 1204 privatus,
934 1136 1169 1186 omnium
1221 1153 1378 1204 opem
1433 1135 1691 1204 deposco!
1767 1135 1900 1186 *His
1954 1136 1998 1187 si
2053 1136 2166 1187 dux

309 1205 569 1257 contraire
597 1204 803 1271 audeat,
824 1205 977 1257 nobis
1003 1212 1208 1256 tantum
1237 1204 1570 1273 singulariter
1597 1205 2048 1274 congrediendum
2068 1206 2163 1257 sit'.

658 1291 739 1341 74.
801 1290 1029 1342 Oratiog
1066 1289 1345 1342 Rotbertig
1388 1308 1484 1359 pro
1521 1289 1814 1344 LudovicO.

449 1373 655 1440 Quibus
668 1377 690 1408 ¹¹
745 1374 924 1444 palam
961 1374 1337 1444 promulgatis,
1394 1374 1678 1427 Rotbertus
1728 1373 2163 1443 metropolitanus

307 1445 589 1496 subinfert:
631 1445 945 1511 ί(ὶο011ἱεῑ1117,
973 1445 1231 1514 inquiens,
1270 1444 1466 1495 ‘domni
1492 1453 1651 1514 atque
1680 1445 2000 1495 serenissimi
2025 1445 2166 1513 regis

307 1515 431 1566 satis
469 1514 701 1566 breviter
738 1532 801 1565 ac
839 1513 1068 1566 dilucide
1107 1515 1383 1582 digestam,
1424 1514 1638 1582 optime,
1676 1522 1735 1565 ut-
1765 1513 2007 1580 arbitror,
2047 1531 2166 1565 con-

306 1584 637 1653 questionem
673 1584 1026 1652 percepimus,
1068 1601 1394 1652 consequens
1431 1582 1654 1650 videtur,
1694 1591 1752 1635 ut
1789 1584 1901 1635 eius
1934 1602 2166 1651 causam,

304 1654 358 1703 in
397 1661 651 1722 quantum
689 1652 768 1704 fas
809 1660 902 1718 est,
954 1653 1381 1705 determinemus.
1465 1652 1597 1704 Dux
1644 1670 1769 1722 ergo
1819 1654 1944 1723 quia
1990 1655 2168 1705 omnia

304 1742 439 1792 pene
485 1724 635 1791 regni
682 1724 797 1774 iura
846 1722 902 1772 in
940 1741 1053 1774 sese
1090 1722 1387 1789 transfudit,
1440 1723 1592 1791 eique
1629 1721 1832 1774 viribus
1867 1724 2022 1775 reniti
2058 1742 2167 1775 non

303 1792 556 1858 valemus,
605 1793 783 1844 mitius
835 1793 936 1843 hoc
985 1791 1407 1861 attemptandum
1456 1793 1696 1859 arbitror,
1745 1800 1804 1845 ut
1851 1793 1941 1863 qui
1987 1794 2166 1846 Deum

302 1881 408 1914 non
444 1863 631 1914 metuit
678 1872 729 1914 et
776 1861 1045 1914 hominem
1088 1881 1195 1914 non
1243 1871 1527 1928 reveretur,
1574 1862 1739 1915 multa
1782 1865 1984 1915 ratione
2033 1863 2165 1915 mul-

303 1941 460 2001 taque
497 1950 673 1983 rerum
720 1932 1137 1985 consideratione
1184 1932 1253 1984 ad
1298 1950 1540 1985 normam
1578 1933 1696 1984 Deo
1745 1934 1961 1985 iuvante
2010 1933 2165 1985 redu-

303 2010 467 2053 catur.
560 2002 731 2070 Igitur
783 2003 934 2053 iuxta
979 2011 1191 2071 patrum
1241 2002 1454 2054 decreta
1504 2011 1554 2054 et
1609 2021 1871 2055 canonum
1926 2003 2165 2073 regulam

301 2072 546 2140 inprimis
585 2070 653 2122 ad
688 2071 1101 2123 satisfactionem
1134 2071 1362 2124 fraterne
1401 2072 1717 2124 monendusi
1768 2082 1847 2125 est
1881 2073 2165 2144 verbisque

302 2142 550 2192 suasoriis
607 2140 676 2191 ad
730 2140 785 2191 id
840 2141 1226 2193 modestissime
1280 2142 1660 2194 revocandusk.
1748 2143 1907 2208 Quod
1951 2144 1997 2194 si
2043 2151 2165 2213 post

301 2210 552 2263 blandam
609 2211 960 2262 revocationis
1008 2212 1440 2262 ammonitionem
1495 2213 1830 2280 resipiscerel
1875 2212 2163 2279 nolueritm,

303 2282 538 2332 omnium
594 2279 926 2332 anathemate
980 2280 1222 2347 feriatur3
1280 2281 1381 2332 hoc
1417 2280 1670 2333 habentes
1718 2282 1968 2351 presidio,
2020 2282 2164 2352 quod

301 2351 408 2402 iam
458 2368 489 2400 a
539 2349 732 2401 domno
784 2369 927 2419 papa
981 2360 1247 2402 correctus
1299 2352 1366 2402 sit
1413 2352 1694 2421 iussusque
1743 2371 1775 2403 a
1824 2352 2025 2404 domini
2082 2353 2163 2405 sui

304 2420 652 2472 insectatione
692 2420 991 2489 quiescere'.

558 2504 638 2555 75.
695 2504 1028 2574 Responsion
1066 2505 1298 2556 Marinin
1334 2503 1494 2573 legati
1531 2516 1666 2575 pron
1705 2506 1908 2558 eodem.

441 2588 618 2658 Atque
655 2587 736 2639 his
775 2588 998 2640 domnus
1036 2589 1273 2641 Marinus
1313 2590 1612 2642 subiunxit:
1674 2591 2048 2659 ‘Reminiscor',
2085 2594 2163 2644 in-

302 2659 503 2728 quienS,
543 2659 812 2710 ‘domnum
850 2677 1048 2728 papam
1086 2668 1207 2712 ante
1244 2660 1384 2711 hunc
1422 2679 1619 2712 annum
1657 2661 1939 2714 anathema
1962 2663 2017 2713 in
2041 2680 2161 2715 reos

300 2729 524 2794 misisse,
565 2729 656 2798 qui
692 2728 832 2780 hunc
872 2728 1146 2781 dominum
1184 2738 1235 2781 et
1269 2748 1451 2799 regem
1476 2731 1805 2782 Francorum
1830 2732 2160 2784 insectaban-

300 2806 413 2863 ttu·;
466 2797 745 2867 epistolam
796 2816 1004 2868 quoque
1053 2801 1362 2867 suasoriam,
1406 2808 1465 2852 ut
1514 2800 1581 2852 ab
1629 2819 1690 2852 eo
1740 2819 1847 2852 non
1896 2801 2158 2869 deficiant,

300 2867 452 2919 bonis
491 2867 812 2936 quibuslibet
849 2868 1162 2938 delegatam,
1201 2878 1359 2939 atque
1398 2871 1830 2940 conquestionem
1862 2872 1928 2923 de
1970 2871 2159 2924 eadem

300 2954 357 2988 re
394 2935 578 2988 litteris
617 2956 925 3005 expressam
962 2939 1027 2990 iis
1067 2938 1259 3009 quibus
1298 2940 1475 2992 sanior
1511 2958 1661 2992 mens
1700 2949 1812 2992 erat
1859 2940 2157 3011 delegatam

300 3007 478 3057 fuisse.
552 3006 709 3058 Unde
748 3015 799 3059 et
837 3010 1024 3077 opinor
1059 3009 1344 3061 iustissime
1384 3009 1601 3077 dictum,
1641 3027 1761 3061 cum
1798 3019 1920 3063 ante
1957 3029 1989 3062 a
2012 3030 2158 3082 papa

300 3084 519 3127 vocatus
557 3084 714 3145 atque
763 3086 1027 3130 correctus
1078 3081 1193 3146 δὴ),
1247 3098 1388 3131 110110
1442 3098 1651 3149 quoque
1701 3081 1932 3132 caritatis
1985 3082 2159 3151 gratia

299 3144 628 3199 revocandus
674 3154 752 3197 est
788 3155 838 3198 et
863 3147 1265 3217 diligentissima
1291 3150 1549 3217 suasione,
1587 3158 1645 3201 ut
1669 3168 1701 3201 a
1727 3149 1878 3201 malis
1905 3152 2158 3220 quiescat,

397 3263 434 3305 a)
463 3274 531 3305 per
558 3274 699 3297 annum
729 3266 810 3298 add.
843 3269 873 3297 1.
974 3266 1012 3309 b)
1042 3269 1137 3302 duos
1164 3270 1246 3301 add.
1266 3272 1300 3303 1.
1403 3267 1437 3309 c)
1461 3274 1544 3310 post
1571 3270 1653 3303 add.
1757 3268 1794 3312 d)
1824 3271 1965 3302 conicit
1988 3288 2030 3295 -
2053 3279 2159 3302 man—

299 3313 401 3353 cipat
430 3316 462 3346 1.
577 3313 613 3355 e)
652 3314 816 3346 reditum
845 3318 879 3356 1,
919 3326 1013 3349 corr.
1045 3319 1076 3349 2.
1192 3317 1221 3359 f)
1258 3319 1422 3360 spondet
1457 3336 1500 3342 —
1537 3319 1701 3359 accipiat
1730 3321 1762 3350 1.
1875 3318 1913 3360 g)
1951 3319 2017 3361 Or,
2054 3319 2155 3352 berti

298 3362 390 3395 absc.
517 3361 555 3403 h)
592 3363 697 3394 codex
729 3364 802 3394 alio
830 3369 1040 3404 atramento,
1066 3367 1231 3406 sortasse
1266 3369 1340 3399 alia
1371 3369 1489 3407 perqic
1516 3377 1627 3399 manu
1653 3367 1927 3410 (amanuensis).
2036 3366 2065 3409 i)
2092 3376 2155 3400 vo·

300 3412 443 3443 candus
475 3414 505 3443 1.
633 3411 672 3452 k)
702 3414 938 3445 revocandos
969 3417 1001 3446 1.
1115 3414 1142 3457 l)
1169 3417 1404 3457 resipeseere
1434 3419 1467 3449 1.
1593 3414 1646 3457 m)
1675 3418 1789 3449 tertia
1815 3417 1928 3449 huius
1945 3417 2071 3449 sinodi
2092 3417 2155 3448 die

298 3461 380 3490 add.
412 3463 442 3492 1.
547 3458 586 3500 n)
615 3461 704 3502 Res,
732 3461 805 3502 Ma,
834 3471 901 3502 pro
931 3472 975 3496 eo
1003 3464 1096 3495 absc.

425 3539 466 3588 1)
504 3551 567 3580 sc.
601 3539 749 3592 Hugo.
