2240 3879
135 431 216 463 940.

43 1162 106 1204 ’p.
135 1163 217 1196 592.

235 281 290 319 50
670 276 923 318 RICHERI
955 276 1372 318 HISTORIARUM
1406 277 1589 318 LIBER
1620 278 1679 318 ΙΙ.

233 416 603 487 polliciturum.
699 417 935 482 Quorum
990 415 1306 485 legationem
1362 434 1458 466 rex
1512 414 1675 467 multa
1729 416 2090 469 benivolentia

234 487 523 555 excipiens,
569 487 623 536 in
670 504 868 554 pagum
919 484 1334 537 Ambianensem
1389 483 1491 535 sibi
1539 485 1921 537 occurrendum
1967 504 2089 537 con-

234 557 416 622 stituit,
455 574 516 607 eo
556 557 697 624 quod
733 556 809 608 ibi
847 555 1145 624 specialiter
1181 553 1329 606 utilia
1368 554 1629 622 quaedam
1654 573 1751 623 per
1774 553 1891 607 illos
1920 555 2089 607 deter-

233 625 519 678 minandaa
568 626 754 677 forent.
843 625 1058 693 Legatis
1114 626 1289 694 itaque
1340 624 1599 690 abductis,
1650 643 1746 675 rex
1793 624 1859 675 ad
1910 624 2089 676 locum

234 695 539 748 condictum
576 704 813 764 tempore
852 704 1044 746 statuto
1082 694 1306 746 devenit.
1366 693 1465 746 Cui
1493 694 1650 745 etiam
1677 693 1789 744 dux
1813 694 2088 763 predictus

235 766 421 818 obvius
474 765 633 816 venit.
724 764 1104 833 Exceptusque
1152 783 1182 816 a
1235 782 1359 833 rege
1419 764 1680 830 decenter,
1738 764 2088 832 provinciam,

236 854 393 904 quam
431 836 479 886 ei
514 842 664 903 pater
693 833 921 884 Karolus
959 853 1055 885 rex
1093 833 1432 899 contuleratl,
1471 833 1536 884 ab
1578 851 1638 884 eo
1678 834 1837 885 etiam
1863 835 2088 902 accepit.

233 904 388 957 Unde
427 912 478 956 et
513 905 652 972 regis
687 902 873 969 factus,
912 911 1056 955 tanto
1094 905 1141 955 ei
1178 922 1440 956 consensu
1475 902 1717 971 alligatus
1754 910 1846 968 est,
1886 911 1943 955 ut
1982 905 2088 955 iam

232 975 443 1043 iamque
481 982 571 1024 aut
610 992 723 1024 sese
760 974 1071 1025 moriturum
1110 983 1199 1026 aut
1244 974 1356 1043 regi
1394 974 1604 1043 imperii
1642 991 1904 1024 summam
1944 974 2092 1024 resti-

233 1051 468 1095 tuturum
506 1051 840 1112 proponeret.

365 1144 478 1195 *21.
536 1142 787 1195 Artoldus
826 1142 1252 1212 archiepiscopus
1294 1143 1603 1196 Causostem
1643 1143 1990 1194 munitionem

883 1222 1157 1282 expugnat
1196 1220 1245 1264 et
1283 1214 1444 1282 capit.

375 1298 654 1367 Huiusque
703 1299 780 1348 rei
826 1299 1037 1366 negotio
1085 1296 1281 1349 utiliter
1329 1307 1560 1366 peracto,
1611 1317 1707 1349 rex
1757 1298 1810 1348 in
1849 1297 2090 1366 Burgun-

237 1368 378 1419 diam
418 1368 682 1419 secessit2.
755 1368 816 1418 In
864 1369 1010 1418 cuius
1057 1368 1297 1420 absentia
1334 1367 1586 1419 Artoldus
1636 1366 2091 1435 metropolitanus,

235 1456 301 1488 ne
329 1456 451 1489 suae
477 1439 553 1489 rei
589 1445 862 1506 putaretur
886 1438 1082 1506 inopia,
1122 1438 1321 1506 absque
1358 1439 1553 1506 regiisb
1582 1437 1749 1506 copiis
1777 1436 2091 1489 Causostem

235 1508 580 1558 mimitionem
617 1508 823 1575 appetit
859 1508 1012 1576 eique
1052 1506 1379 1558 obsidionem
1419 1507 1831 1576 circumquaque
1858 1506 2089 1558 adhibet.

239 1577 412 1641 Quam
453 1577 700 1627 continua
739 1578 1169 1645 oppugnationec
1209 1578 1500 1645 exagitans,
1543 1578 1724 1645 quinto
1751 1575 1965 1627 tandem
2005 1575 2091 1628 die

235 1645 526 1715 ingreditur
563 1646 826 1715 capitque.
900 1645 1026 1697 Illos
1055 1664 1263 1715 quoque
1291 1648 1381 1715 qui
1407 1647 1506 1698 sibi
1533 1646 1922 1715 surripuerantd
1950 1663 2091 1697 com-

235 1715 529 1785 prehendit.
605 1715 725 1781 Sed,
763 1723 945 1784 utpote
984 1716 1063 1767 vir
1100 1716 1267 1767 bonus
1314 1714 1615 1786 nulliusque
1653 1717 1795 1767 vitae
1835 1714 2088 1781 aemulus,

234 1785 546 1854 indempnes
585 1786 730 1837 abire
767 1786 1021 1853 permisit.
1098 1784 1373 1855 Oppidum
1411 1786 1569 1837 etiam
1613 1785 1848 1837 funditus
1886 1785 2092 1838 subruit

237 1857 417 1924 sicque
454 1854 520 1906 ad
559 1874 652 1906 sua
687 1856 857 1907 rediit.

359 1955 441 2005 22.
497 1954 811 2006 Hei-ibertus
851 1963 901 2006 et
939 1954 1099 2023 Hugo
1137 1955 1332 2006 Remos
1372 1955 1616 2007 obsident
1652 1962 1703 2007 et
1740 1956 1958 2024 capiunt

854 2024 1223 2094 presulemque
1261 2023 1477 2094 pellunt.

373 2108 687 2160 Heribertus
737 2107 1029 2160 malorume
1083 2110 1414 2161 occasionem
1458 2117 1659 2175 nactus,
1709 2110 1818 2161 acsi
1869 2128 2085 2161 suorum

237 2176 492 2246 oppidum
542 2177 773 2229 dirutum
823 2177 1021 2244 dolens,
1072 2179 1216 2247 apud
1267 2179 1552 2248 Hugonem
1602 2178 1806 2246 ducem,
1864 2179 2087 2249 qualiter

235 2248 428 2299 Remos
465 2248 681 2299 invadat
727 2256 883 2316 atque
933 2250 1244 2318 episcopum
1295 2256 1582 2318 expungat,
1628 2248 2088 2302 vehementissime

235 2318 359 2386 agit.
435 2315 535 2368 Cui
572 2335 701 2368 mox
737 2318 949 2387 Hugof,
989 2327 1171 2388 utpote
1211 2319 1416 2370 tiranno
1443 2319 1696 2384 tirannus,
1737 2320 2086 2385 consentiens,

235 2405 347 2438 sese
385 2385 758 2438 auxiliaturum
797 2387 1087 2456 pollicetur.
1164 2387 1394 2440 Collecto
1439 2389 1617 2457 itaque
1656 2389 1883 2457 agmine,
1929 2387 2087 2440 ambo

232 2457 287 2506 in
324 2456 509 2508 urbem
547 2456 801 2523 feruntur,
852 2457 1017 2509 multa
1067 2475 1184 2509 eam
1236 2458 1435 2508 circum
1489 2457 1764 2510 obsidione
1814 2457 2087 2510 vallantes.

233 2525 436 2578 Urbani
473 2526 754 2578 Heriberto
793 2527 1044 2593 faventes,
1084 2546 1144 2579 eo
1197 2527 1338 2596 quod
1383 2528 1528 2596 regio
1576 2528 1726 2578 iussu
1771 2528 1882 2579 eius
1919 2527 2088 2579 filium

233 2603 353 2647 ante
390 2594 672 2647 Artoldum
711 2596 1040 2666 delegissent,
1089 2596 1225 2649 bello
1274 2597 1469 2649 cedunt
1516 2597 1887 2667 presulemque
1932 2596 2085 2649 relin-

236 2672 401 2734 quunt
436 2673 594 2734 atque
632 2666 699 2717 ad
738 2685 864 2719 suae
890 2685 1092 2736 poenae
1130 2666 1400 2719 cumulum
1440 2666 1732 2720 desertores
1759 2668 1828 2720 ad
1853 2668 2090 2720 tirannos

234 2743 520 2786 transeunt.
581 2735 796 2805 Apertis
835 2755 959 2789 vero
998 2738 1163 2806 portis
1204 2746 1353 2789 sexta
1392 2737 1678 2788 obsidionis
1717 2737 1817 2804 die,
1855 2737 2089 2789 tirannos

235 2804 290 2854 in
325 2805 456 2856 urbe
511 2806 798 2874 excipiunt.
886 2806 1137 2859 Artoldus
1194 2805 1392 2876 pulsus,
1443 2806 1512 2856 ad
1560 2806 1870 2858 coenobium
1923 2808 2089 2859 sancti

236 2872 463 2940 Remigii
523 2876 891 2943 proficiscitur,
956 2894 1104 2927 suam
1166 2877 1241 2928 ibi
1296 2876 1414 2928 Deo
1468 2877 1796 2945 conspectori
1852 2877 2089 2927 omnium

238 2942 616 3011 querimoniam
652 2943 890 2997 fundens.
966 2946 1108 2998 Ubi‘er
1146 2965 1272 2998 mox
1310 2946 1681 3015 episcoporum
1719 2945 1987 3015 aliquibus
2025 2964 2088 2998 ac

273 3011 552 3063 uibusdam
593 3016 928 3081 magna-tibus
968 3017 1205 3084 stipatus,
1252 3014 1555 3084 rogabatur,
1607 3024 1664 3066 ut
1699 3014 2091 3068 Avenniacensi

236 3097 267 3130 a
306 3080 479 3132 batia3
521 3081 803 3152 Sanctique
840 3085 1019 3136 Basoli
1056 3085 1251 3137 rebush
1290 3093 1584 3151 contentuS,
1623 3085 1880 3154 episcopii
1919 3086 2089 3155 digni-

235 3157 340 3201 tate
378 3168 490 3202 sese
516 3149 800 3205 abdicaret.
855 3153 1032 3223 Atque
1058 3155 1236 3207 multis
1262 3155 1524 3206 minarum
1550 3155 1840 3206 terroribus
1867 3154 2086 3207 affectus

238 3221 511 3286 consentit,
538 3220 737 3273 iuratus
763 3224 935 3290 etiam,
964 3234 1020 3276 ut
1044 3224 1225 3291 fertur,
1250 3224 1546 3293 repudium.
1613 3223 1684 3276 Et
1708 3223 1922 3275 tandem
1949 3224 2090 3275 cani-

235 3287 336 3340 bus
363 3289 702 3357 satisfaciens,
740 3291 806 3342 ad
835 3292 1086 3344 Sanctum
1111 3293 1361 3345 Basolum
1389 3292 1464 3344 ibi
1491 3301 1789 3345 moraturus
1815 3294 2089 3346 abscessit.

335 3392 371 3433 a)
400 3394 713 3426 determinandae
740 3405 766 3426 c.
829 3395 867 3435 b)
896 3402 995 3436 regts
1028 3401 1056 3430 l.
1119 3398 1152 3440 c)
1182 3399 1467 3439 expugnatione
1497 3400 1529 3430 1.
1584 3396 1622 3438 d)
1651 3397 1753 3431 subr.
1785 3401 1815 3430 1.
1868 3396 1903 3438 e)
1932 3398 2026 3429 mali
2056 3400 2090 3430 1.

237 3438 266 3480 f)
295 3449 338 3472 ac
365 3442 428 3475 (lez.
529 3441 566 3482 g)
596 3442 667 3480 Qui
698 3446 730 3476 1.
831 3444 869 3484 h)
895 3451 976 3485 post
1004 3448 1085 3480 add.

237 3577 284 3632 3)
318 3521 405 3619 A1)
438 3521 587 3563 Verba
610 3527 710 3563 sunt
732 3523 971 3565 Flodoardi
997 3526 1096 3566 940.
1202 3526 1248 3580 2)
1282 3527 1408 3568 Haec
1432 3525 1661 3578 Richerus‚
1685 3526 1857 3579 reliqua
1881 3539 1934 3566 ex
1957 3525 2091 3568 Flod.

360 3594 517 3634 venay.
