2240 3879
332 253 415 292 140
723 251 977 292 RICHERI
1010 251 1425 292 HISTORIARUM
1457 251 1643 292 LIBER
1675 252 1786 294 1111.

228 403 308 435 989.
326 392 572 443 iniuriam
612 389 867 457 ulturum,
909 399 1090 442 contra
1125 390 1298 442 hostes
1326 390 1482 441 etiam
1509 390 1648 457 regis
1672 388 1897 457 plurima
1922 391 2186 458 nisurum3

137 1425 150 1438 *
171 1439 208 1469 p.
228 1430 310 1463 637.

327 459 514 512 urbem
550 460 869 511 Laudunum
905 459 971 510 ab
1009 459 1246 511 hostibus
1285 476 1563 528 pervasam
1588 459 1642 508 in
1666 458 1815 510 brevi
1839 459 2186 512 redditurum..

329 531 482 599 Regii
523 531 799 600 stipatores
836 529 996 590 letati,
1044 530 1410 598 episcopatum
1458 528 1662 596 petenti
1709 546 1864 596 quam
1915 530 2015 581 cito
2054 529 2184 595 dari,

331 600 574 667 suadentg
612 600 725 668 regi
764 599 836 649 nil
873 598 1221 667 perditurum,
1260 608 1567 664 asserentes,
1609 598 1652 647 si
1692 597 1791 647 sibi
1823 598 2107 650 militaturo
2135 608 2186 651 et

327 670 486 722 fidem
526 678 794 721 servaturo
844 668 985 737 quod
1034 669 1165 737 petit
1209 667 1487 737 largiatur,
1533 666 1697 718 multo
1737 668 1894 718 etiam
1930 667 2032 719 sibi
2067 686 2186 738 pro-

327 739 577 806 futurum,
619 740 661 789 si
698 738 753 789 id
790 737 963 803 faciat,
1002 737 1143 807 quod
1183 756 1303 788 cum
1339 737 1537 787 factum
1576 738 1656 801 sit,
1699 737 1934 787 omnium
1963 737 2187 789 salutem

327 810 548 860 affectet.
604 809 721 859 Rex
758 825 938 858 eorum
976 807 1306 859 suasionibus
1344 806 1706 876 adquiescens,
1744 805 1937 857 Remos
1963 806 2191 874 devenit,

331 877 534 929 civibus
587 878 722 928 hanc
772 878 1080 945 petitionem
1120 885 1446 943 ostensurus,
1486 895 1551 928 ne
1589 874 1863 927 malefidae
1891 877 2187 945 sponsionis

329 956 593 999 teneretur
632 946 909 998 obnoxius.

679 1047 761 1098 26.
838 1046 1019 1099 Oratio
1058 1048 1234 1114 regisa
1272 1046 1338 1097 ad
1379 1047 1519 1098 cives
1557 1046 1860 1097 RemenseS.

468 1132 539 1183 Et
577 1130 818 1183 omnibus
865 1132 1150 1197 accersitis,
1204 1132 1277 1181 sic
1326 1130 1530 1182 locutus
1578 1131 1678 1181 ait:
1737 1129 2019 1194 ‘Quoniam
2064 1128 2189 1181 fidei

330 1210 667 1254 exsecutores
705 1220 799 1253 vos
838 1201 1075 1268 probavi,
1113 1218 1211 1252 nec
1249 1219 1332 1252 me
1371 1219 1401 1251 a
1439 1200 1542 1252 fide
1569 1199 1798 1251 alienum
1826 1200 2193 1269 experiemini.

331 1272 467 1324 Cum
507 1274 645 1323 enim
684 1273 750 1323 sit
786 1271 934 1338 fides,
975 1289 1094 1321 cum
1135 1270 1275 1339 quod
1315 1270 1505 1321 dicitur
1541 1270 1613 1336 fit,
1655 1271 1778 1338 quia
1802 1288 1896 1321 vos
1922 1268 1977 1320 id
2001 1268 2189 1321 fecisse

328 1343 602 1411 perspitio,
655 1350 705 1394 et
742 1360 825 1392 me
863 1341 1074 1409 penitus
1114 1341 1422 1392 observasse
1471 1339 1612 1391 idem
1662 1341 1843 1391 fateor.
1916 1337 2187 1405 Arnulfus,

329 1412 481 1463 divae
520 1412 805 1463 memoriae
820 1412 840 1444 ¹³
882 1410 1184 1462 *Lothariic
1223 1429 1290 1462 ex
1329 1411 1625 1461 concubina
1661 1409 1815 1474 filius,
1852 1409 2010 1460 huius
2049 1408 2188 1460 sedis

329 1481 640 1549 dignitatem
677 1499 772 1549 per
808 1479 1047 1548 aliquosd
1087 1481 1177 1549 qui
1214 1479 1344 1530 mihi
1370 1480 1622 1530 assistunt
1648 1480 1892 1548 expetiit,
1933 1478 2188 1547 quicquid

327 1551 480 1602 nobis
517 1569 686 1619 nuper
723 1550 1033 1618 derogatum
1073 1557 1150 1600 est
1188 1568 1240 1600 se
1266 1549 1627 1599 restituturum
1654 1547 1945 1617 pollicitus,
1983 1565 2189 1598 necnon

328 1628 377 1672 et
430 1628 612 1672 contra
659 1619 833 1671 hostes
884 1618 1048 1670 multa
1094 1617 1412 1670 moliturum.
1501 1617 1663 1669 Cuius
1711 1617 2088 1686 promissiones
2138 1624 2190 1669 et

327 1689 487 1742 fidem
525 1689 591 1741 ad
618 1697 855 1740 vestrum
883 1687 1079 1740 contuli
1105 1688 1459 1739 examinanda
1483 1687 1747 1753 iuditium,
1784 1695 1843 1739 ut
1867 1695 1986 1738 aute
2013 1694 2187 1739 vestro

327 1760 680 1829 approbeture
721 1759 963 1810 examine
1002 1765 1091 1809 aut
1115 1758 1460 1827 improbetur.
1521 1756 1616 1809 Ille
1641 1756 1985 1827 petitionibus
2010 1758 2186 1809 instat.

325 1831 606 1881 Potestatis
643 1838 846 1881 vestrae
887 1830 967 1894 sit,
1006 1837 1182 1880 utrum
1221 1827 1363 1897 quod
1410 1828 1542 1897 petit
1585 1828 1828 1896 accipiat.
1902 1826 2015 1877 Nec
2060 1845 2185 1878 vero

325 1901 380 1950 in
432 1918 699 1969 quoquam
747 1900 794 1951 ei
838 1917 868 1949 a
916 1917 1000 1949 me
1038 1898 1237 1949 fautum
1278 1905 1370 1950 est.
1444 1897 1587 1948 Nihil
1625 1898 1783 1949 etiam
1822 1896 2184 1949 deliberatum.

328 1969 596 2038 Quicquid
634 1968 689 2018 id
726 1969 874 2034 foret,
913 1966 1038 2018 utile
1078 1967 1207 2018 duxi
1245 1968 1313 2019 ad
1349 1976 1581 2019 vestram
1621 1966 1811 2018 deferri
1849 1965 2040 2018 debere
2068 1985 2186 2017 cen-

328 2058 521 2105 suram,
559 2047 632 2104 ut,
673 2039 715 2088 si
753 2038 1029 2089 honestum
1066 2038 1173 2102 fiat,
1212 2037 1364 2088 vobis
1402 2036 1681 2088 utilitatem
1721 2044 1771 2088 et
1807 2036 1935 2087 mihi
1961 2035 2185 2104 gloriam

327 2116 614 2177 comparet.
702 2107 758 2159 Si
807 2116 981 2158 autem
1031 2107 1392 2174 pernitiosum,
1442 2125 1540 2174 ego
1590 2106 1801 2175 quidem
1837 2105 2031 2157 nullius
2068 2124 2186 2175 per-

325 2177 498 2243 fidiae,
537 2176 726 2228 nullius
764 2175 885 2243 doli,
923 2175 1117 2227 nullius
1153 2176 1382 2228 fallatiae
1420 2177 1628 2245 penitus
1655 2194 1860 2244 arguar.
1922 2176 2031 2227 Vos
2057 2193 2185 2226 vero

327 2256 416 2299 aut
455 2247 694 2299 suffectif
736 2245 841 2298 doli
877 2245 1064 2297 falsam
1102 2247 1402 2314 opinionem
1455 2256 1608 2296 cume
1658 2245 1872 2296 dolosoe
1924 2244 2184 2312 subibitis,

326 2326 429 2380 aut,
471 2318 544 2368 sie
583 2335 687 2368 non
703 2328 738 2382 e,
777 2317 831 2366 in
869 2316 1188 2367 desertorem
1226 2335 1411 2367 manus
1451 2315 1659 2367 assidue
1700 2316 1982 2366 exseretis'.

715 2417 798 2468 527.
870 2417 1202 2485 Responsiog
1240 2417 1434 2468 civium
1471 2415 1539 2467 ad
1575 2425 1805 2484 regemg.

465 2501 551 2553 Ad
587 2500 718 2553 haec
757 2503 919 2553 cives:
961 2500 1145 2568 ‘Cum⁷,
1183 2502 1441 2570 inquiunt,
1481 2506 1700 2552 ‘vestrae
1726 2502 2017 2553 maiestatis
2044 2499 2182 2552 dono

326 2571 555 2640 eligendi
593 2571 792 2623 domini
845 2572 987 2640 optio
1026 2572 1178 2623 nobis
1228 2572 1351 2623 data
1400 2572 1480 2635 sit,
1526 2569 1692 2622 multa
1739 2570 1858 2637 fide,
1907 2569 2071 2622 multo
2107 2571 2183 2620 in-

325 2642 481 2710 genio
521 2642 824 2693 enitendum
863 2642 990 2707 esth,
1029 2650 1087 2692 ut
1124 2650 1175 2693 et
1208 2642 1385 2709 regiae
1424 2640 1693 2709 dignitatis
1733 2640 2002 2710 derogatio
2039 2638 2183 2691 nulla.

324 2712 428 2777 fiat,
480 2720 531 2762 et
574 2729 669 2762 nos
718 2710 881 2762 falsae
927 2712 1305 2762 criminationis
1354 2720 1533 2763 notam
1579 2728 1864 2779 casumque
1908 2710 2069 2762 futuri
2104 2711 2181 2762 in-

325 2781 590 2832 commodi
635 2781 874 2832 vitemus.
947 2780 1216 2847 Arnulfus,
1262 2799 1418 2851 quem
1467 2780 1625 2849 paulo
1675 2788 1794 2832 ante
1832 2787 2180 2831 memoratum

326 2850 640 2917 audivimus,
678 2869 709 2901 a
745 2849 897 2901 nobis
935 2869 1106 2921 nuper
1141 2850 1283 2902 idem
1322 2851 1664 2920 expoposcit;
1714 2849 1941 2919 plurima
1976 2848 2096 2915 fide,
2135 2849 2180 2900 si

325 2919 425 2970 hoc
476 2919 592 2985 fiat,
643 2921 784 2988 regis
823 2920 1102 2971 commoda
1141 2939 1252 2972 sese
1303 2928 1691 2987 exsecuturum,
1729 2919 2005 2988 pollicens3
2055 2937 2180 2988 erga.

327 2989 468 3041 cives
506 3007 612 3040 non
649 2989 913 3040 modicam
950 2989 1359 3042 benivolentiam
1384 2989 1703 3041 habiturum.
1768 2988 1874 3041 Sed
1901 2989 2025 3058 quia
2051 2989 2181 3055 01113,

325 3065 507 3126 utpote
528 3058 892 3125 adolescentis,
911 3078 1082 3112 mores
1103 3060 1424 3129 affectusque
1444 3061 1671 3111 incertos
1686 3059 1956 3126 habemus,
1972 3066 2178 3110 nostras

326 3129 495 3179 solum
524 3127 913 3180 modorationes
937 3147 1044 3180 non
1070 3130 1309 3181 sufficere
1335 3129 1404 3181 ad
1428 3129 1575 3195 haec,
1603 3129 1935 3181 arbitramur.
1983 3127 2178 3180 Adsint

324 3216 449 3268 ergo
489 3199 579 3267 qui
614 3197 766 3249 vobis
804 3197 859 3248 id
896 3198 1130 3251 suadent.
1206 3199 1572 3252 Conferamusi
1635 3199 1897 3267 utrimque
1932 3199 2179 3250 rationes.

323 3268 486 3319 Dicat
524 3267 652 3337 quid
690 3268 911 3337 quisque
950 3270 1126 3337 potius
1166 3270 1382 3338 cogitet3
1431 3268 1558 3338 quid
1595 3269 1944 3337 potissimum,
1982 3285 2049 3319 ne
2086 3265 2177 3319 ab·

324 3338 569 3403 scondat,
607 3345 665 3388 ut
702 3345 753 3388 et
790 3356 857 3388 ex
894 3337 1112 3389 honesto
1149 3337 1317 3407 gloria
1342 3341 1409 3390 sit
1435 3339 1745 3405 communiS,
1784 3346 1927 3390 etex
1953 3337 2180 3407 pernitie?

322 3407 716 3458 incommodum
754 3424 921 3478 aeque
956 3408 1249 3476 patiamur’.

422 3540 458 3581 a)
487 3541 617 3584 r(egis)
646 3542 738 3576 absc.
852 3539 890 3582 b)
919 3543 966 3574 D.
995 3544 1045 3576 M.
1073 3553 1100 3575 c.
1217 3541 1249 3583 c)
1280 3543 1310 3574 L
1352 3543 1454 3574 filius
1483 3544 1514 3573 1.
1628 3540 1664 3583 d)
1695 3551 1758 3575 eos
1788 3544 1820 3574 1.
1924 3539 1959 3582 e)
1982 3544 2068 3581 poet
2093 3539 2174 3572 add.

322 3588 354 3630 s)
383 3589 471 3621 sacti
515 3593 545 3622 1.
673 3590 710 3633 g)
738 3591 796 3632 io,
834 3599 891 3622 em
931 3591 1020 3623 absc.
1133 3590 1172 3632 h)
1201 3592 1352 3623 videtur
1385 3600 1560 3631 superscr.
1598 3595 1666 3622 est.
1795 3590 1824 3633 i)
1860 3589 2113 3623 Conferantur
2139 3589 2175 3620 1.
