2240 3879
214 370 295 402 995.

149 419 232 452 Iun.
266 421 295 450 2.

105 1562 128 1575 r
150 1574 186 1604 p.
207 1563 288 1596 655.

126 3156 146 3186 2
169 3155 293 3187 Paral.

173 3204 229 3236 19.
260 3205 291 3236 2.

318 223 400 263 176
711 221 966 262 RICHERI
998 220 1417 262 HISTORIARUM
1455 220 1638 261 LIBER
1670 222 1782 262 1111.

314 379 453 412 nunc
490 368 612 429 post
648 368 725 411 tot
762 360 1162 410 ammonitiones
1201 358 1454 409 domnum
1491 358 1629 409 111100
1658 357 1907 411 abbatem
1931 358 2173 411 Leonem

315 438 364 483 et
399 430 720 482 monachum
758 429 963 480 mittere
1000 428 1192 493 voluit,
1246 429 1336 497 qui
1384 429 1526 478 vices
1574 446 1693 479 suas
1743 436 1919 481 teneat
1968 437 2018 480 et
2054 447 2166 480 rem

313 507 657 551 memoratam
695 496 848 549 nobis
889 497 1287 549 oboedientibus
1328 495 1599 547 discuciat.
1672 497 1775 549 Per
1813 517 1969 567 quem
2008 498 2167 549 etiam

314 571 567 639 scriptum
606 586 728 619 suae
767 567 1050 618 voluntatis
1087 566 1360 635 allegavit,
1407 575 1488 632 ut,
1536 567 1580 617 si
1618 566 1746 635 quid
1784 566 1979 620 oblivio
2019 567 2166 619 dero-

311 647 482 707 garet,
534 640 728 706 scripto
780 636 1206 689 commendatum
1248 636 1543 688 haberetur.
1619 635 1776 701 Quod
1813 644 1864 688 et
1898 638 2168 706 inpresen-

312 711 503 760 tiarum
541 707 721 758 audire
759 705 884 757 utile
923 708 1031 757 est'.
1105 706 1175 757 Et
1213 707 1386 757 statim
1433 704 1652 774 protulit
1703 706 1961 774 scriptum
2008 714 2166 775 atque

311 780 364 829 in
397 796 547 829 aures
575 775 961 827 considentium
987 776 1243 841 recitavit,
1285 774 1440 844 quod,
1471 775 1594 843 quia
1620 774 1868 826 brevitati
1895 775 2167 827 studemus

313 856 363 898 et
397 845 551 897 nobis
589 846 760 896 minus
811 844 911 896 fuit
956 845 1386 911 accommodum,
1436 845 1627 896 nostris
1679 844 1888 914 scriptis
1938 846 2167 897 inserere

308 917 590 969 vitavimus
607 926 620 952 1
630 953 641 965 .

435 1045 548 1095 101.
626 1043 809 1097 Oratio
851 1042 1127 1095 Gerbertia
1164 1062 1259 1113 pro
1299 1062 1352 1095 se
1390 1044 1475 1094 inb
1517 1041 1776 1116 concilioa
1813 1044 2050 1095 recitata.

451 1129 578 1180 Post
617 1130 765 1180 cuius
823 1129 1186 1180 recitationem
1227 1127 1518 1180 Gerbertus
1570 1129 1798 1180 surrexit
1847 1135 2003 1197 atque
2055 1146 2168 1179 ora-

309 1199 504 1251 tionem
542 1217 638 1268 pro
678 1217 732 1249 se
771 1199 1020 1266 scriptam
1058 1199 1114 1248 in
1152 1197 1373 1249 concilio
1413 1216 1540 1248 mox
1577 1199 1833 1249 recitavit.
1922 1197 2165 1267 Satisque

310 1268 453 1337 apud
490 1267 603 1319 illos
641 1267 933 1320 luculenter
969 1268 1249 1337 peroravit.
1327 1267 1431 1319 Sed
1457 1267 1593 1319 hanc
1620 1267 1813 1320 addere
1840 1267 1924 1318 hic
1950 1266 2166 1337 placuit,

312 1338 453 1406 quod
490 1337 645 1407 plena
681 1338 973 1390 rationibus
1012 1337 1296 1406 plurimam
1331 1336 1517 1388 lectori
1554 1336 1832 1390 utilitatem
1876 1344 2165 1406 comparat.

311 1409 474 1460 Cuius
512 1415 687 1459 textus
724 1406 1027 1458 huiusmodi
1066 1410 1242 1458 estc-*2

427 1550 471 1605 εκ)
989 1553 1004 1563 ’
1021 1549 1161 1603 (102.)
1227 1549 1484 1591 Exordium.

507 1629 706 1681 ‘Semper
747 1628 949 1680 quidem,
994 1627 1337 1667 reverentissimi
1369 1630 1539 1679 patres,
1585 1625 1700 1665 hanc
1745 1624 1862 1665 diem
1905 1638 1982 1678 pre
2026 1625 2167 1666 oculis

504 1689 663 1738 habui,
708 1701 784 1741 spe
829 1701 880 1727 ac
925 1693 1026 1728 voto
1061 1687 1116 1726 ad
1153 1699 1247 1726 eam
1282 1685 1476 1737 intendi,
1522 1699 1575 1726 ex
1617 1699 1702 1739 quo
1744 1699 1769 1725 a
1807 1686 2013 1727 fratribus
2057 1687 2166 1727 meis

506 1749 779 1799 admonitus,
825 1762 932 1789 onus
968 1749 1051 1788 hoc
1095 1747 1335 1788 sacerdotii
1375 1759 1462 1787 11011
1497 1748 1590 1787 sine
1634 1746 1831 1800 periculo
1878 1747 2036 1800 capitis
2080 1749 2168 1787 mei

506 1811 633 1851 subii.
699 1811 829 1850 Tanti
864 1814 958 1848 erat
992 1809 1109 1862 apud
1143 1821 1211 1848 me
1246 1809 1469 1861 pereuntis
1503 1808 1655 1861 populi
1689 1808 1833 1858 salus,
1876 1809 1988 1848 tanti
2020 1813 2167 1848 vestra

504 1872 767 1919 auctoritas,
814 1884 899 1922 qua
933 1883 1001 1910 me
1036 1874 1175 1909 tutum
1218 1869 1310 1908 sore
1356 1869 1677 1909 existimabam.
1742 1868 2030 1909 Recordabar
2069 1881 2168 1922 pre-

504 1933 730 1972 teritorum
755 1930 1082 1980 beneficiorum,
1109 1929 1250 1970 dulcis
1275 1933 1407 1982 atque
1426 1929 1614 1969 affabilis
1633 1929 1961 1970 benivolentiae
1979 1933 2166 1980 vestrae,

507 2005 593 2045 qua
641 2005 959 2044 saepenumero
1011 2005 1106 2031 cum
1158 1990 1295 2030 multa
1334 1990 1466 2030 laude
1507 1991 1797 2044 prestantium
1839 2003 1942 2031 usus
1981 1990 2165 2031 fueram.

507 2054 616 2093 Cum
651 2065 756 2092 0000
791 2047 995 2092 subitusd
1029 2065 1174 2091 rumor
1224 2065 1302 2090 vos
1347 2051 1536 2091 offensos
1579 2052 1774 2091 insinuat
1817 2052 2013 2104 vitioque
2059 2050 2164 2091 dare
2201 2098 2204 2099 ⁷

506 2114 705 2163 laborat,
757 2112 874 2165 quod
926 2124 1086 2164 magna
1135 2116 1336 2165 paratum
1384 2113 1544 2152 virtute
1594 2113 1708 2152 inter
1757 2112 1868 2152 alios
1918 2112 2163 2152 constabat.

505 2175 687 2223 Horrui,
730 2173 894 2223 fateor3
952 2177 995 2212 et
1038 2185 1145 2225 quos
1188 2177 1289 2212 ante
1333 2172 1626 2212 formidabam
1669 2171 1868 2224 gladios,
1921 2185 1998 2226 pre
2050 2172 2167 2212 indi-

505 2236 713 2287 gnatione
747 2239 893 2274 vestra
926 2233 1176 2286 posthabui.
1239 2233 1365 2272 Nunc
1400 2234 1503 2285 quia
1537 2234 1729 2286 propitia
1760 2234 1981 2273 Divinitas
2017 2246 2166 2274 coram

507 2294 710 2347 contulit,
748 2295 904 2347 quibus
949 2293 1135 2334 salutem
1179 2306 1321 2333 meam
1367 2306 1540 2346 semper
1582 2295 1802 2342 commisi,
1847 2306 1991 2347 pauca
2034 2306 2166 2347 super

504 2357 804 2395 innocentiam
838 2368 979 2396 meam
1014 2355 1221 2406 referam,
1269 2358 1311 2394 et
1346 2367 1534 2406 quonam
1572 2353 1754 2395 consilio
1793 2355 1892 2394 urbi
1929 2355 2166 2395 Remorum

505 2416 703 2470 prelatus
738 2417 817 2456 sim
856 2416 1109 2456 edisseram.
1174 2415 1272 2467 Ego
1308 2416 1469 2467 quippe
1505 2420 1604 2468 post
1637 2415 1804 2455 obitum
1842 2415 1933 2455 divi
1956 2415 2164 2457 Otthonis

507 2478 704 2529 augusti,
748 2490 843 2516 cum
888 2478 1137 2517 statuissem
1182 2488 1269 2515 non
1314 2475 1543 2516 discedere
1590 2489 1615 2515 a
1660 2475 1869 2516 clientela
1907 2477 2045 2529 patris
2079 2476 2168 2516 mei

505 2538 624 2577 beati
649 2537 956 2590 Adalberonis,
995 2537 1049 2576 ab
1085 2536 1241 2576 eodem
1263 2537 1473 2588 ignorans
1497 2536 1553 2576 ad
1586 2536 1884 2577 sacerdotium
1917 2536 2166 2590 preelectus

505 2612 622 2649 sum3
675 2604 806 2651 atque
849 2599 894 2637 in
943 2599 1035 2638 eius
1082 2597 1279 2637 discessu
1332 2597 1388 2636 ad
1432 2598 1670 2638 Dominum
1723 2610 1870 2638 coram
1923 2596 2165 2638 illustribus

504 2660 608 2699 viris
651 2659 818 2699 futurus
865 2658 1084 2699 ecclesiae
1118 2663 1278 2711 ‘pastor
1323 2657 1593 2710 designatus.
1670 2658 1759 2699 Sed
1793 2658 2047 2700 simoniaca
2088 2658 2165 2698 he—

503 2721 612 2760 resis
645 2721 690 2759 in
713 2720 832 2759 Petri
856 2719 1079 2759 soliditate
1104 2732 1172 2758 me
1207 2723 1397 2759 stantem
1421 2720 1663 2769 inveniens,
1697 2719 1902 2772 reppulit,
1935 2718 2166 2759 Arnulfum

504 2780 698 2833 pretulit.
795 2780 876 2820 Cui
917 2785 1065 2820 tamen
1109 2779 1207 2832 plus
1249 2793 1378 2832 quam
1424 2781 1664 2833 oportuerit
1716 2778 1851 2820 fidum
1903 2779 2166 2833 obsequium

504 2841 683 2893 prebui,
740 2840 879 2880 donec
935 2854 1032 2880 eum
1074 2854 1152 2894 per
1192 2841 1353 2881 multos
1399 2846 1441 2880 et
1490 2854 1569 2894 per
1609 2854 1677 2881 me
1722 2845 1972 2894 apostatare
2016 2840 2165 2894 palam

506 2901 784 2952 intelligens,
829 2901 929 2941 dato
974 2902 1147 2954 repudii
1184 2901 1361 2951 libello,
1406 2915 1503 2941 cum
1546 2901 1747 2942 omnibus
1781 2902 1871 2942 suis
1905 2902 2164 2954 apostaticis

508 2961 746 3013 dereliqui;
782 2975 868 3001 non
902 2975 993 3014 spe,
1028 2975 1110 3001 nec
1134 2964 1341 3013 pactione
1367 2962 1630 3015 capessendi
1654 2963 1747 3002 eius
1781 2961 1970 3012 honoris,
2003 2966 2051 3002 ut
2078 2962 2166 3002 mei

507 3021 667 3061 aemuli
693 3022 865 3072 dicunt,
890 3023 968 3062 sed
993 3024 1277 3063 monstruosis
1297 3023 1501 3076 operibus
1521 3022 1717 3063 diabolie
1736 3023 1924 3073 territus,
1947 3023 1993 3061 in
2017 3021 2164 3075 effigie

508 3082 694 3122 hominis
727 3082 958 3123 latitantis.
1022 3084 1133 3134 Non,
1167 3085 1360 3137 inquam,
1395 3083 1495 3124 ideo
1528 3083 1650 3123 illum
1697 3082 1936 3134 dereliqui,
1986 3081 2065 3123 sed
2108 3095 2164 3136 ne

507 3142 616 3182 illud
671 3143 974 3196 propheticum
1027 3145 1319 3184 incurrerem:
1397 3145 1566 3198 “Impio
1619 3143 1777 3198 prebes
1831 3142 2066 3193 auxilium,
2122 3146 2166 3183 et

409 3262 443 3303 a)
473 3262 695 3304 G(erberti),
723 3264 757 3295 io
787 3264 880 3295 absc.
999 3263 1036 3304 b)
1066 3268 1101 3296 et
1130 3274 1151 3296 a
1178 3273 1216 3297 se
1244 3266 1366 3297 lectae
1397 3267 1428 3299 1.
1551 3263 1584 3304 c)
1604 3264 1737 3303 folium
1762 3266 1932 3300 assutum,
1961 3264 2018 3295 cui
2045 3263 2163 3296 oratio

311 3312 483 3350 inscripta
512 3317 599 3343 erat.
623 3313 741 3351 periit.
786 3314 831 3343 At
859 3313 1022 3344 addimus
1049 3323 1121 3344 eam
1149 3314 1251 3353 infra
1279 3323 1319 3345 ea:
1345 3315 1459 3345 codice
1487 3312 1716 3353 Luqdunensi
1742 3312 1834 3343 inter
1847 3313 1946 3346 codd.
1970 3313 2183 3362 Vossianosi

311 3360 354 3389 N.
384 3360 455 3399 54„
483 3361 544 3391 ubi
569 3362 675 3391 multo
705 3362 928 3397 emendatior,
967 3371 1069 3400 quam
1099 3364 1197 3402 apud
1224 3363 1485 3394 Cenem-iatores
1518 3362 1705 3402 Zeyebatur.
1743 3365 1848 3393 extat.
1963 3361 2000 3402 d)
2038 3362 2183 3396 subito?

312 3411 524 3440 contrarius
552 3411 602 3442 ed.
703 3410 737 3449 0)
767 3411 856 3441 (ἱερεῖ
883 3419 933 3447 c.;
964 3420 995 3441 0.
1025 3411 1168 3443 diaboli
1194 3412 1345 3443 virtutis
1372 3413 1411 3443 in
1439 3411 1489 3442 ed.

438 3517 482 3569 1)
515 3519 668 3572 Neque
704 3521 822 3573 apud
857 3520 1118 3562 Gerbertum
1150 3521 1323 3575 legitur.
