2240 3879
252 215 364 256 VIII
648 209 901 250 RICHERI
934 206 1348 249 HISTORIAR-UM
1380 206 1550 246 LIBRI
1581 206 1694 248 1111.

74 363 231 404 ’p·564-
254 351 574 415 vertendum,
616 350 758 417 quod
785 368 893 400 non
921 348 1073 399 semel
1111 351 1167 398 *a
1193 346 1503 398 Flodoardo
1542 346 1808 410 recedenS,
1847 347 1908 396 in
1947 345 2099 398 bello-

258 441 375 473 rum
413 421 770 488 descriptione
807 426 901 469 (tut
931 427 1296 487 permagtnosl
1338 425 1433 467 aut
1468 413 1630 466 multo
1668 416 1902 483 majores
1940 434 2102 484 quam

253 490 560 544 Flodoardo
599 497 719 540 teste
758 490 1037 539 nocimus2
1080 494 1455 556 pugnatorum
1507 492 1606 536 aut-
1656 487 1950 536 occisorum
2000 504 2100 536 nu-

254 579 421 613 meros
471 558 650 625 refert,
703 558 846 627 quod
885 556 1061 609 Gallis
1112 558 1393 609 victoriam
1433 555 1789 606 immeritam3
1840 554 2102 620 attribuit,

258 633 409 682 immo
464 627 832 681 Flodoardum
889 627 1137 677 undecim
1195 626 1366 677 millia
1421 631 1676 676 trecentos
1725 625 2103 693 qicadraqinta

256 702 489 770 quinque
537 700 596 749 in
638 705 801 766 parte
838 697 1092 761 Rotberti,
1142 697 1200 746 in
1241 703 1407 764 parte
1445 694 1641 746 Karoli
1689 701 1883 762 septem
1924 693 2099 746 millia

256 778 459 822 centum
496 776 542 818 et
579 767 955 835 duodeviginti
992 785 1175 817 caesos
1215 766 1497 833 scripsisse
1537 765 1726 830 dicit4,
1780 763 1873 814 ubi
1908 760 2101 814 Flodo-

257 840 385 890 ardi
421 839 625 889 codices
652 844 698 888 et
724 837 982 887 editiones
1013 844 1224 887 omnes⁵
1264 836 1489 886 nonnisi
1525 835 1654 886 haec
1692 834 1887 885 verba:
1925 830 2103 884 multis

257 927 324 959 ex
361 916 581 975 utraque
613 913 762 974 parte
790 905 1098 957 cadentibus
1135 905 1333 974 legunt,
1413 904 1568 963 Quod
1595 911 1653 955 ut
1678 904 1895 954 veritati
1923 910 2106 971 aperte

258 979 592 1030 contrarium
618 994 711 1026 nec
739 975 852 1026 ulla
878 977 1222 1026 excusatione
1263 974 1630 1039 obvelandum,
1670 975 1749 1024 ita
1785 973 1892 1024 leve
1928 980 2105 1023 tamen

260 1049 445 1098 vitium
483 1045 765 1109 videbitur,
805 1046 853 1095 si
892 1043 1061 1095 alium
1098 1044 1270 1096 locum
1307 1046 1590 1108 intuearis,
1631 1062 1734 1112 quo
1763 1062 1815 1094 se
1848 1045 1908 1094 in
1945 1041 2106 1094 licen-

257 1120 385 1168 tiam
416 1118 528 1167 viro
557 1116 808 1179 candido,
849 1114 1057 1183 qualem
1092 1115 1446 1165 historiarum
1473 1116 1785 1182 scriptorem
1811 1131 1921 1164 esse
1948 1112 2105 1177 decet,

248 1187 418 1254 plane
461 1185 761 1254 indiqnam,
803 1186 1056 1252 partium
1103 1184 1280 1235 studio
1319 1191 1365 1235 et
1401 1185 1640 1234 vanitate
1680 1183 1866 1251 abripi
1893 1200 2105 1251 passus

259 1264 346 1308 est.
420 1255 567 1305 Nam
605 1273 721 1305 cum
763 1256 914 1321 operi
954 1255 1026 1304 ad
1049 1253 1219 1319 finem
1245 1261 1508 1321 perducto
1547 1252 1841 1303 secundam
1884 1270 2107 1302 manum

260 1324 572 1390 admoveret,
622 1342 737 1374 eam
774 1323 901 1374 libri
937 1325 1116 1391 primi
1155 1331 1387 1390 partem,
1441 1341 1577 1391 quae
1616 1323 1678 1373 de
1716 1321 1874 1372 rebus
1912 1320 2109 1372 Karoli

259 1414 375 1445 cum.
413 1394 598 1461 Belgyis
645 1400 690 1444 et
741 1393 871 1443 duce
917 1411 1098 1444 eorum
1139 1391 1429 1444 Giselberto
1487 1393 1620 1460 aqit,
1676 1393 1756 1442 ita
1810 1398 2107 1441 retractare

261 1482 366 1513 non
405 1463 631 1526 erubuit,
670 1470 726 1512 ut
762 1461 1017 1530 Bel‘qicae
1054 1463 1164 1514 loco
1204 1461 1556 1513 Germaniam
1593 1469 1640 1512 et
1666 1479 1777 1529 pro
1820 1459 2110 1511 Giselberto

259 1533 579 1583 Heinricum
635 1532 897 1596 scriberet,
955 1551 1057 1600 quo
1113 1532 1313 1582 scilicet
1372 1531 1722 1582 Germaniam
1784 1529 1988 1581 Karolo
2051 1548 2108 1581 eo

256 1609 484 1670 tempore
541 1601 828 1670 subjectam
868 1601 1055 1668 fuisse
1110 1602 1419 1668 simularet,
1484 1602 1627 1669 quod
1674 1601 1741 1652 ab
1780 1600 2107 1651 Eklcebardo

297 1672 609 1739 ⁷7²auyi'ensi‘,
649 1672 744 1738 qui
782 1678 1021 1722 nostrum
1062 1671 1340 1737 evolverat,
1392 1679 1677 1739 receptum,
1727 1689 1845 1721 cum
1882 1668 2107 1738 reliquis

258 1741 496 1792 omnibus
534 1742 849 1791 testimoniis
894 1748 1243 1810 repufsnaret,
1299 1742 1372 1792 ad
1422 1749 1610 1792 nostra
1653 1759 1820 1810 usque
1865 1747 2107 1807 tempora

258 1810 572 1878 scrupulum
611 1810 794 1860 saltem
833 1810 1106 1861 historicis
1148 1812 1345 1878 injecit,
1397 1831 1490 1862 nec
1531 1812 1642 1862 *nisi
1681 1811 1988 1861 authentico
2026 1827 2107 1859 re-

251 1887 405 1947 perto
461 1877 731 1947 eoeplicari
777 1882 973 1946 potuit.
1069 1880 1288 1931 Talibus
1343 1881 1637 1932 Riclierum
1682 1881 1909 1948 patriae
1963 1878 2111 1930 ultra

261 1967 421 2017 quam
452 1948 607 2015 ferri
645 1956 815 2016 potest
852 1950 1151 2000 studiosum
1188 1958 1233 2000 et
1272 1969 1444 2001 vanae
1482 1949 1708 2019 qlo⁷²iae,
1759 1969 1896 2019 quae
1932 1948 2012 1999 vel
2048 1950 2110 2000 in

259 2017 596 2085 IVapoleonis
652 2019 894 2069 nuntiis⁶
956 2020 1386 2087 indiynationem
1451 2020 1781 2087 populorum
1857 2020 2110 2083 incurrit,

261 2089 497 2138 deditum
544 2089 765 2155 eocperti,
823 2089 870 2138 si
914 2096 1076 2139 totum
1129 2108 1264 2156 opus
1313 2097 1464 2140 caute
1514 2089 1812 2158 leyendum,
1869 2107 1963 2139 nec
2000 2088 2109 2139 ullo

260 2159 374 2225 ejus
411 2157 521 2208 loco
561 2159 672 2208 nisi
693 2157 1080 2223 fundamentis
1107 2161 1222 2226 ejus
1248 2159 1373 2210 bene
1390 2161 1692 2228 perspectis
1720 2159 1975 2209 utendum
2002 2175 2110 2209 esse

261 2245 541 2292 censemus,
593 2227 732 2277 nihil
783 2227 927 2277 ultra
966 2230 1177 2296 justum
1214 2237 1260 2278 et
1296 2247 1477 2279 vverum
1517 2237 1745 2279 statuere
1791 2227 2109 2279 videbimur.

259 2297 328 2346 Et
370 2296 444 2346 vel
473 2298 676 2364 primis
725 2296 877 2348 libris
915 2305 1137 2364 praeter
1174 2317 1238 2349 ea
1276 2318 1412 2367 quae
1449 2298 1752 2350 Flodoardi
1792 2299 2109 2348 auctoritate

262 2368 509 2417 nituntur
524 2365 698 2433 plura
727 2375 904 2417 nostro
923 2368 1166 2435 propria
1196 2369 1381 2433 inesse,
1423 2369 1615 2437 quibus
1629 2367 1798 2434 fldem
1820 2374 2107 2436 praestare

243 2434 347 2501 fas
386 2437 469 2499 sit,
509 2436 646 2486 ultro
670 2435 877 2503 fateor.
952 2437 1223 2488 Pertinere
1261 2457 1317 2489 eo
1356 2440 1610 2489 videntur
1636 2439 1866 2488 historia
1902 2436 2108 2488 Odonis

263 2506 419 2573 reyis,
437 2505 739 2572 praecipue
766 2508 1019 2557 narratio
1045 2507 1109 2557 de
1134 2509 1363 2559 victoria
1392 2508 1546 2576 apud
1566 2508 1801 2559 Montem
1815 2506 2056 2558 Panchei
2073 2516 2109 2571 ⁷,

258 2574 376 2625 licet
422 2574 575 2625 nulla
625 2576 741 2643 ejus
782 2577 837 2626 in
879 2576 1173 2628 annalibus
1217 2577 1537 2642 Vedastinis,
1575 2577 1790 2629 Abbone
1827 2576 1907 2627 vel
1942 2576 2107 2645 Reqi-

260 2662 395 2694 none
434 2646 624 2695 mentio
666 2653 934 2710 occurrat,
970 2649 1030 2699 in
1058 2647 1288 2698 historia
1314 2647 1513 2699 Karoli
1550 2655 1596 2699 et
1621 2646 1845 2713 Rodulfi
1883 2647 2107 2697 notitiae

261 2713 322 2762 de
364 2713 515 2763 rebus
553 2713 832 2783 Belyiciss
870 2733 934 2765 esc
974 2717 1196 2785 antiquo
1231 2717 1392 2784 fonte
1445 2718 1738 2782 derivatae,
1793 2716 1886 2767 sed
1935 2733 2108 2783 supra

263 2781 677 2834 adulterationis
728 2792 957 2850 notatae,
1010 2787 1356 2838 narrationes
1402 2788 1466 2838 de
1504 2787 1829 2856 Hayaizooze,
1877 2785 1939 2836 de
1978 2802 2106 2852 cap-

260 2854 399 2902 tione
438 2852 691 2916 Karoli0,
732 2854 794 2904 de
830 2854 986 2905 rebus
1022 2856 1570 2921 Nortmannorzmz10,
1610 2864 1656 2907 et
1684 2873 1876 2923 pauca
1916 2853 2107 2918 alian,

386 2963 428 3015 1)
464 2977 501 3003 e.
526 2978 567 3016 g.
593 2965 628 3012 1,
656 2965 725 3005 62.
760 2965 901 3016 80οΟ;
935 2968 970 3015 1,
996 2968 1066 3007 44.
1103 2970 1241 3021 primo
1277 2969 1394 3009 5000
1428 2970 1618 3022 scripsit,
1650 2975 1742 3008 turn
1778 2968 1910 3018 6000,
1946 2966 2107 3007 deinde

264 3025 422 3064 10000.
550 3023 597 3077 2)
631 3027 662 3074 Ι,
695 3026 766 3065 49.
809 3027 904 3078 plus
941 3041 1068 3079 quam
1104 3029 1190 3068 800
1225 3029 1517 3077 Flodoardus,
1553 3030 1639 3068 960
1672 3029 1913 3079 Richerus;
1964 3029 1999 3078 I,
2034 3028 2105 3068 51.

260 3085 535 3125 Flodoardus
587 3087 727 3136 1100,
780 3088 993 3127 Richerus
1041 3088 1182 3138 8000;
1247 3092 1317 3143 II,
1367 3091 1437 3134 85,
1489 3092 1627 3131 occisi
1689 3090 1787 3143 pius
1838 3102 1968 3142 quam
2019 3088 2106 3128 560

261 3146 487 3193 Richerus,
536 3147 828 3200 quadraginta
877 3149 1002 3191 Flod.
1035 3151 1243 3192 Annales.
1397 3151 1444 3203 3)
1478 3152 1517 3200 Ι,
1551 3152 1623 3190 49.
1668 3151 1856 3191 victoria
1891 3149 1945 3189 de
1977 3149 2106 3191 Nort-
2153 3155 2157 3158 ’

262 3208 429 3246 mannis
461 3212 695 3260 reportata,
731 3214 968 3249 castrorum
1002 3212 1215 3260 incensio,
1250 3214 1367 3253 3000
1400 3213 1660 3253 Nortmanni
1695 3212 1833 3251 occisi
1853 3208 2107 3250 Flodoardo

260 3272 516 3319 repugnant·
631 3266 678 3319 4)
713 3268 749 3316 Ῑ,
784 3270 853 3310 46.
965 3269 1012 3323 5)
1047 3286 1085 3312 a.
1122 3273 1223 3314 923.
1257 3273 1453 3314 Alteram
1487 3272 1729 3313 Flodoardi
1764 3272 2004 3312 editionem
2035 3268 2107 3310 vel

262 3327 378 3366 aliud
411 3327 594 3368 fortasse
629 3330 722 3368 eius
755 3343 862 3382 opus
896 3331 1020 3372 nobis
1052 3333 1324 3386 incognitum
1357 3335 1429 3374 hic
1468 3335 1647 3374 minime
1688 3335 1732 3372 in
1768 3331 1988 3372 calculum
2030 3343 2105 3370 ve—

262 3388 353 3426 nire
386 3401 527 3439 posse,
562 3401 673 3440 quac
698 3395 936 3442 sequuntur
960 3392 1271 3434 demonstrant.
1401 3393 1446 3446 6)
1482 3392 1694 3435 bulletins.
1792 3394 1837 3446 7)
1873 3393 1908 3439 Ῑ,
1943 3392 2105 3431 4-13·

262 3446 309 3498 8)
344 3449 378 3494 Ι,
408 3448 477 3487 20.
506 3449 574 3488 23.
600 3449 671 3488 24.
697 3450 768 3490 34.
793 3452 985 3492 35-41.
1077 3453 1122 3506 9)
1156 3455 1191 3504 1,
1230 3455 1420 3495 14—16.
1457 3455 1527 3496 21.
1563 3455 1634 3495 22.
1733 3452 1810 3507 10)
1844 3454 1879 3504 Ι,
1913 3452 2106 3493 28-33,

265 3507 338 3559 11)
373 3521 411 3548 e.
445 3521 485 3560 g.
523 3509 556 3557 I,
594 3509 664 3548 63.
