2240 3879
456 224 707 266 RICHERI
740 224 1156 267 HISTORIARUM
1188 223 1369 262 LIBER
1403 222 1486 261 III.
1840 220 1895 258 93

64 366 159 418 'Et
195 361 437 415 Tetbaldi
474 362 685 431 quidem
721 362 844 428 filio,
895 362 984 431 qui
1033 379 1144 412 sese
1189 357 1293 409 sibi
1338 358 1672 409 commiserat
1708 356 2001 409 milita-·f01.
2034 371 2106 403 33¹.

63 442 252 497 turum,
290 440 519 483 castrum
544 432 640 484 sub
667 431 964 483 conditione
989 427 1314 481 servandaea
1349 425 1612 477 fidelitatis
1639 426 1891 478 concedit.
1910 435 1992 467 965·

199 502 279 552 21.
337 500 453 564 Quo
504 501 660 551 etiam
708 508 942 568 tempore
980 496 1228 549 Arnulfus
1272 495 1599 546 Morinorum
1645 496 1891 564 princeps

62 572 159 623 hac
202 571 311 622 vita
357 569 598 621 decessit.
689 569 851 621 Cuius
896 576 1089 619 terram
1134 565 1412 617 Lotharius
1463 582 1560 616 rex
1608 565 1891 632 ingl-essm,

61 639 165 692 filio
211 638 442 690 defuncti
484 638 766 691 liberaliter
812 636 984 688 reddit
1030 653 1253 704 eumque
1303 651 1421 684 cum
1468 631 1721 684 militibus
1782 633 1892 683 iure

59 716 504 761 sacramentorum
541 708 640 760 sibi
676 707 1004 757 annectitb·1.

198 778 280 828 22.
335 777 509 828 Huic²
549 794 756 846 quoque
791 773 981 843 regalis
1025 771 1349 825 nobilitatis³
1394 772 1477 822 vir
1513 769 1777 823 Adalbero
1825 789 1893 821 ex
1909 790 1991 823 969.

59 846 395 898 Mettensium
433 845 670 896 similiter
707 843 922 912 collegio
969 850 1206 894 strenuec
1252 859 1315 892 ac
1359 839 1577 892 feliciter
1623 840 1892 891 successit.

62 916 169 981 Qui
206 924 398 986 quanto
437 916 541 966 suis
579 913 833 983 profuerit
878 921 928 964 et
1013 919 1171 963 uanta
1218 911 1284 962 ab
1331 909 1551 962 aemulis
1599 908 1717 979 plus
1754 910 1890 960 iusto

60 1003 247 1054 passus
285 985 367 1050 sit,
404 1001 560 1052 opere
598 983 838 1052 sequenti
885 931 1251 1034 decim-abitur.
1336 979 1440 1030 Hic
1489 980 1543 1029 in
1588 980 1734 1030 initio
1774 986 1894 1046 post

60 1055 140 1104 sui
176 1053 556 1122 promotionem
593 1052 863 1104 structuris
900 1050 1184 1103 aecclesiae
1221 1068 1344 1100 suae
1369 1048 1654 1117 plurimum
1679 1049 1891 1100 studuit.

58 1123 308 1174 Fornices
345 1123 499 1187 enim,
538 1122 629 1191 qui
665 1121 731 1172 ab
770 1119 1054 1173 aecclesiae
1090 1120 1306 1170 introitu
1348 1136 1445 1187 per
1483 1127 1722 1187 quartam
1759 1136 1892 1187 pene

57 1193 214 1244 totius
250 1190 533 1242 basilicaed
566 1198 770 1259 partem
808 1191 1057 1242 eminenti
1105 1195 1364 1240 structura
1409 1185 1843 1238 distendebantur
1857 1197 1891 1251 e,

56 1262 264 1330 penitus
303 1260 509 1311 diruit4.
584 1259 738 1312 Unde
787 1267 837 1311 et
873 1258 1127 1329 ampliore
1163 1255 1497 1326 receptaculo
1537 1264 1587 1308 et
1631 1255 1899 1325 dignioref

58 1337 286 1381 scemate
322 1337 433 1382 tota
468 1328 723 1381 aecclesia
760 1329 1006 1381 decorata
1042 1336 1134 1381 est.
1217 1325 1423 1396 Corpus
1475 1343 1682 1395 quoque
1729 1326 1897 1376 sancti

55 1398 247 1450 Kalisti
282 1417 451 1468 papae
489 1406 541 1450 et
576 1399 803 1450 martiris
841 1397 1019 1450 debito
1067 1398 1261 1449 honore
1307 1396 1361 1446 in
1408 1396 1562 1465 ipsoa
1610 1394 1894 1447 aecclesiae

55 1469 311 1537 ingreSSU,
372 1467 485 1518 loco
541 1468 739 1520 scilicet
792 1467 1008 1520 editiore
1024 1477 1062 1533 g,
1120 1465 1407 1518 collocavit.
1496 1463 1685 1534 Ibique
1733 1463 1895 1516 altare

56 1536 322 1603 dedicanS,
362 1539 645 1589 oratorium
680 1536 960 1588 fundendis
984 1537 1102 1588 Deo
1137 1535 1385 1605 precibus
1411 1533 1894 1585 commodissimum

56 1607 274 1676 aptavit.
347 1605 526 1658 Altare
574 1608 885 1676 precipuum
940 1605 1182 1658 crucibus
1221 1605 1394 1655 aureis
1430 1604 1734 1672 insigniens,
1775 1621 1893 1654 can-

59 1674 201 1728 cellis
238 1676 499 1745 utrimque
536 1676 862 1727 radiantibus
902 1674 1181 1728 obvelavit.

197 1746 278 1796 23.
331 1746 512 1797 Preter
557 1745 686 1797 haec
733 1745 889 1797 etiam
939 1744 1100 1796 altare
1146 1744 1487 1813 gestatorium
1534 1759 1639 1792 non
1684 1741 1894 1793 viliorih

58 1832 214 1883 opere
260 1813 477 1866 effinxit.
553 1814 723 1884 Super
772 1814 915 1883 quod
963 1813 1233 1866 sacerdote
1281 1811 1423 1881 apud
1462 1811 1639 1862 Deum
1689 1820 1894 1880 agente,

58 1883 275 1935 aderant
312 1891 536 1953 quatuor
588 1885 1029 1951 euangelistarum
1077 1900 1360 1951 expressae
1409 1898 1536 1932 auro
1580 1888 1630 1932 et
1678 1889 1894 1949 argento

58 1953 337 2021 imagines,
399 1951 636 2022 singulae
696 1954 752 2003 in
811 1952 1029 2021 singulis
1090 1950 1295 2019 angulis
1355 1957 1566 2001 stantes.
1658 1949 1896 2014 Quarum

57 2022 467 2092 uniuscuiusque
526 2021 639 2074 alae
703 2029 950 2074 extensae
1005 2022 1108 2073 duo
1162 2021 1325 2072 latera
1375 2018 1550 2070 altaris
1606 2037 1773 2087 usque
1827 2018 1897 2070 ad

58 2090 291 2143 medium
317 2090 672 2144 obvelabanti.
728 2092 917 2143 Facies
942 2109 1067 2143 vero
1101 2108 1239 2159 agno
1271 2087 1587 2140 immaculato
1615 2105 1895 2140 conversas

58 2160 412 2212 intendebant.
484 2161 547 2212 In
585 2179 687 2231 quo
726 2163 884 2213 etiam
920 2160 1175 2212 ferculum
1202 2158 1497 2212 Salomonis
1532 2158 1728 2209 imitari
1752 2158 2157 2214 vide-ef.0am.3,9.

59 2227 227 2282 batur.
299 2230 451 2281 Fecit
488 2249 695 2300 quoque
734 2229 1107 2283 candelabrum
1143 2228 1459 2298 septifidum.
1532 2228 1596 2278 In
1634 2245 1736 2296 quo
1775 2245 1894 2279 cum

61 2307 262 2368 septem
298 2298 364 2350 ab
411 2317 515 2350 uno
565 2307 854 2368 surgerent,
891 2298 1020 2350 illud
1070 2298 1368 2368 significare
1413 2294 1705 2363 videbatur,
1754 2297 1959 2365 quodcf,
1984 2324 2022 2361 ¹1,
2052 2322 2134 2356 001,

60 2366 127 2419 ab
175 2386 280 2419 uno
336 2368 536 2437 Spiritu
589 2378 788 2437 septem
841 2370 1129 2437 gratiarum
1185 2368 1322 2419 dona
1377 2365 1694 2417 dividantur.
1785 2366 1895 2417 Nec
1923 2371 2125 2410 1‘2,8—1o‚

60 2437 232 2488 minus
269 2445 319 2489 et
354 2455 531 2488 arcam
569 2456 725 2506 opere
777 2437 1039 2506 elegantik
1084 2436 1365 2489 decoravit.
1447 2435 1511 2485 In
1548 2452 1652 2504 qua
1688 2435 1895 2502 virgam
1912 2464 2156 2501 &Hem-‚9140

62 2515 114 2557 et
149 2508 378 2571 mannal,
440 2505 495 2557 id
550 2516 629 2558 est
683 2516 982 2558 sanctorum
1035 2505 1298 2576 reliquias,
1361 2504 1583 2573 operuit.
1658 2503 1894 2556 Coronas

63 2593 270 2645 quoque
307 2593 414 2627 non
450 2576 667 2626 minima
702 2576 926 2644 inpensa
959 2575 1273 2628 fabrefactas
1323 2575 1377 2624 in
1413 2571 1695 2624 aecclesiae
1734 2572 1893 2624 decus

62 2645 348 2714 suspendit.
423 2644 597 2709 Quam
641 2644 880 2696 fenestris
930 2644 1165 2695 diversas
1215 2641 1604 2695 continentibus
1652 2641 1893 2694 historias

64 2712 400 2765 dilucidatam
438 2715 706 2783 campanis
743 2714 1098 2783 mugientibus
1135 2713 1244 2764 acsi
1279 2718 1546 2763 tonantem
1584 2710 1743 2763 dedit.

201 2783 282 2834 24.
340 2782 632 2835 Canonicos
671 2783 841 2849 etiam,
880 2783 969 2852 qui
1005 2785 1061 2832 in
1097 2782 1323 2851 propriis
1358 2780 1608 2849 hospiciis
1647 2780 1896 2850 degentes

63 2859 265 2905 tantum
309 2870 403 2903 sua
449 2853 717 2917 curabant,
772 2853 927 2903 iurem
984 2851 1370 2903 communitatis
1405 2851 1585 2901 vivere
1628 2851 1895 2902 instruxit.

64 2919 218 2973 Unde
254 2929 305 2972 et
342 2920 626 2973 claustrum
663 2920 976 2973 monasterio
1015 2920 1232 2987 addidit,
1280 2920 1336 2970 in
1373 2937 1474 2989 quo
1512 2919 1597 2971 die
1634 2927 1898 2971 morantes

162 3070 198 3111 a)
230 3074 309 3109 post
335 3071 416 3101 add.
548 3068 586 3110 b)
624 3075 778 3110 quatuor
815 3070 916 3101 lineis
953 3070 1065 3100 erasi-s·
1101 3070 1239 3109 iamque
1276 3070 1409 3107 vacuis,
1446 3069 1677 3108 prosequitur
1712 3069 1897 3108 primaeva

63 3118 252 3157 scriptura.
354 3117 387 3159 c)
415 3127 590 3158 superscr.
618 3119 676 3149 sed
716 3119 780 3151 del.
806 3119 961 3150 utiliter.
1075 3117 1113 3159 d)
1142 3118 1297 3149 oratorii
1326 3120 1358 3151 1.
1480 3116 1514 3157 e)
1555 3117 1841 3150 distendebatur
1867 3125 1895 3148 c.

66 3164 96 3206 f)
123 3166 365 3200 honoratiore
395 3169 427 3200 1.
527 3166 564 3207 g)
601 3168 850 3199 eminentiore
880 3169 911 3198 1.
1010 3164 1050 3207 h)
1088 3167 1223 3198 minori
1253 3168 1283 3198 1.
1394 3165 1421 3206 i)
1450 3166 1521 3199 vel.
1551 3168 1583 3199 1.
1674 3163 1712 3205 k)
1741 3168 1898 3203 argento

67 3222 235 3255 auroque
261 3217 346 3248 add.
375 3218 407 3248 1.
507 3216 535 3256 1)
565 3225 612 3247 m.
641 3217 798 3247 reclusit
826 3218 857 3255 1,
884 3215 945 3246 ubi
970 3215 1008 3246 id
1035 3218 1092 3246 est
1116 3216 1155 3245 in
1180 3224 1292 3254 mar-y.
1391 3212 1443 3254 m)
1472 3223 1502 3246 c.
1531 3215 1555 3246 i.
1587 3216 1617 3245 1.

194 3321 238 3375 1)
279 3325 366 3364 Hic
398 3324 639 3365 Flodoardi
676 3324 919 3364 Annalibus
963 3322 1280 3374 deficientibus,
1322 3323 1494 3376 reliqua
1536 3327 1688 3363 auctor
1720 3323 1895 3375 proprio

70 3387 206 3422 marte
241 3386 511 3438 conscripsit.
635 3383 682 3438 2)
716 3384 935 3436 Odelrico‚
972 3384 1094 3424 cuius
1136 3384 1181 3423 in
1212 3384 1310 3424 loco
1343 3384 1431 3423 iam
1475 3395 1597 3423 eraso
1633 3383 1900 3422 mentionem

70 3440 228 3482 fecisse
270 3443 441 3485 videtur
473 3450 635 3486 auctor.
776 3443 822 3497 3)
856 3444 994 3484 Filius
1023 3443 1250 3485 Godefridi
1286 3443 1666 3484 Arduennensium
1712 3443 1898 3483 comitis.

75 3500 120 3551 4)
156 3501 222 3545 Cf.
255 3503 365 3557 App.
400 3504 544 3556 mod„
573 3506 650 3547 55.
683 3505 769 3556 111,
800 3519 845 3559 p.
877 3504 980 3545 407.
