2240 3879
571 172 820 214 RICHERI
853 175 1265 216 HISTORIARUM
1298 177 1477 218 LIBER
1511 180 1547 218 Ι.
1930 185 1984 223 23

81 357 89 364 .
149 311 291 362 venti
337 316 471 360 sunt.
549 308 619 360 Et
672 309 726 361 hi
772 329 979 380 quoque
1028 329 1122 379 per
1169 313 1461 380 predictum
1510 317 1679 366 virum
1730 319 1981 385 instructi,

149 379 376 447 receptis
425 395 456 427 a
501 376 634 430 duce
673 379 977 447 opsidibusa
1015 397 1142 448 quos
1181 380 1456 447 dederant,
1507 383 1573 434 ad
1621 384 1867 438 salutaria
1905 407 1981 439 sa-

151 456 417 498 cramenta
454 446 664 498 deducti
700 456 819 498 sunt

287 515 369 566 32.
441 515 512 566 Et
560 534 679 567 cum
723 517 786 568 de
834 517 1141 584 baptisterio
1189 527 1451 585 ageretur,
1507 519 1730 573 wittoni
1775 524 1980 576 Rhodo-

148 585 407 636 mensium
455 585 856 653 metropolitano
893 586 1001 636 eisb
1038 584 1419 652 predicandum
1467 605 1497 637 a
1534 589 1666 641 duce
1705 595 1977 644 committi-

147 662 245 704 tur.
317 652 484 705 Witto
522 663 684 706 veroc
720 671 825 704 non
860 671 914 704 se
952 652 1100 704 solod
1139 663 1426 720 contentus,
1470 657 1698 709 Heriveo
1736 659 1980 712 Reinensi

147 721 421 790 epistolam
460 722 694 790 *dh-igit,
731 740 826 790 per
863 740 1020 790 quam
1066 721 1131 773 ab
1171 741 1230 774 eo
1270 726 1464 792 querit,
1503 744 1605 795 quo
1645 727 1839 793 ordine,
1879 737 2061 797 qua'p·
2091 738 2173 771 5⁷⁹.

144 791 344 842 ratione
381 810 510 860 gens
547 799 666 841 ante
700 789 903 858 perfida
938 791 1220 842 aecclesiae
1259 793 1497 844 sotianda
1542 796 1653 846 sit1.
1726 797 1983 848 Heriveus

145 878 269 912 vero
308 859 736 929 metropolitanus
771 858 936 910 multa
973 859 1243 927 diligentia
1280 862 1410 913 haec
1447 862 1723 931 disponere
1751 867 1983 934 cupiens,

147 938 459 980 conventum
499 929 863 996 episcoporum
902 927 1014 979 fieri
1050 929 1219 994 iubet,
1265 940 1321 982 ut
1368 931 1650 983 multorum
1694 934 1982 985 rationibus

145 1016 227 1049 res
264 998 451 1048 idonee
490 996 902 1048 distribueretur.

284 1067 365 1117 33.
437 1065 507 1116 Et
544 1065 628 1116 die
665 1066 945 1117 constituta
982 1066 1195 1117 sinodus
1240 1067 1417 1120 habita
1455 1078 1547 1120 est.
1629 1071 1691 1120 In
1741 1090 1843 1139 qua
1880 1073 1980 1139 pri-

144 1145 323 1184 mume
362 1133 426 1185 de
463 1151 593 1203 pace
632 1143 682 1186 et
723 1134 973 1201 religione
1013 1144 1221 1186 sanctae
1260 1136 1364 1188 Dei
1412 1137 1698 1190 aecclesiae
1744 1148 1982 1208 statuque

143 1203 292 1270 regni
340 1204 664 1254 Francorum
712 1203 990 1255 salubriter
1037 1222 1099 1255 ac
1138 1215 1494 1274 competenter
1531 1216 1809 1259 tractatum
1855 1218 1932 1260 est
1949 1218 1982 1274 2,

144 1279 262 1340 post
296 1290 420 1323 vero
459 1272 523 1324 de
559 1273 848 1341 piratarum
885 1273 1212 1341 mitigatione
1250 1284 1404 1343 atque
1461 1277 1796 1328 conversione
1834 1279 1983 1328 uber-

143 1341 274 1393 rime
310 1342 579 1409 agitatum.
652 1342 940 1394 Decretum
987 1360 1196 1412 quoque
1246 1343 1308 1394 de
1359 1343 1542 1395 eodem
1580 1344 1645 1396 ab
1685 1347 1799 1414 ipsa
1836 1346 1982 1396 Divi-

142 1410 303 1461 nitate
339 1411 592 1461 rationem
632 1411 1012 1480 quaerendam,
1053 1411 1393 1463 ieiunandum
1432 1415 1588 1464 etiam
1637 1412 1703 1464 ab
1744 1415 1981 1466 omnibus

142 1478 341 1545 triduo,
415 1479 608 1531 domno
645 1499 769 1531 vero
808 1498 977 1549 papae
1014 1481 1067 1531 id
1106 1499 1217 1532 esse
1256 1482 1667 1550 suggerendum,
1715 1492 1791 1548 ut,
1841 1485 1982 1534 invo-

144 1555 261 1599 cata
297 1567 392 1618 per
428 1549 679 1599 ieiunium
717 1550 1034 1614 Divinitate,
1074 1558 1124 1600 et
1161 1550 1352 1600 domno
1391 1568 1528 1619 papa
1566 1551 1829 1604 humiliter
1865 1570 1982 1602 con-

146 1615 309 1683 sulto,
360 1617 617 1669 efficatius
667 1637 750 1669 res
799 1618 1139 1669 ordinaretur.
1224 1617 1490 1670 Revolutis
1545 1621 1722 1689 itaque
1770 1629 1980 1688 patrum

143 1686 382 1752 decretiS,
419 1686 739 1739 reverendus
777 1685 1206 1756 metropolitanus
1245 1688 1502 1739 Heriveus
1557 1690 1625 1740 24
1662 1688 1888 1757 capitula
1926 1691 1980 1739 in

142 1753 408 1806 volumine
447 1756 722 1822 ordinavit,
761 1755 1136 1807 rationabiliter
1172 1773 1234 1806 ac
1271 1755 1464 1808 utiliter
1489 1756 1691 1825 digesta
1730 1768 1779 1809 et
1817 1757 1977 1827 quali-

141 1831 221 1875 ter
267 1824 423 1875 rudes
478 1826 532 1875 in
577 1825 679 1876 fide
724 1825 951 1877 habendi
996 1833 1115 1876 sunt
1169 1826 1502 1876 continentia.
1596 1827 1743 1891 Quae
1807 1828 1981 1877 omnia

140 1892 432 1944 venerabili
455 1893 775 1945 Rodomensi
801 1895 1002 1946 Witoni
1028 1892 1287 1961 delegavit
1302 1904 1335 1943 2.
1386 1893 1599 1945 *Illef·2
1630 1913 1752 1947 vero
1783 1896 2006 1963 excipi-⁸
2023 1908 2088 1939 fol·
2115 1908 2172 1940 10·

141 1981 249 2029 ens,
286 1962 518 2014 utiliter&
554 1971 820 2031 sumptum
857 1964 1128 2031 negotium
1167 1964 1565 2014 consummavit.

279 2032 361 2082 34.
433 2031 551 2082 Hac
566 2033 639 2068 ¹¹·3
678 2032 834 2084 etiam
870 2039 1210 2100 tempestate4
1247 2032 1581 2099 Ragenerus,
1627 2033 1708 2083 vir
1745 2032 1980 2084 consula·
1997 2039 2138 2076 915216·

141 2100 298 2150 risi-⁵
349 2109 399 2152 et
452 2099 669 2166 nobilis,
709 2102 1092 2169 cognomentok
1138 2099 1541 2169 Collo-longus,
1598 2102 1743 2152 cuius
1790 2103 1978 2153 etiame

141 2167 314 2220 obitus
351 2168 569 2220 multam
605 2171 681 2221 rei
717 2169 959 2239 publicae
995 2171 1050 2220 in
1093 2169 1311 2238 Belgica
1347 2169 1520 2222 intulit
1563 2169 1796 2235 labem*,
1844 2188 1981 2221 com-

139 2239 286 2288 muni
335 2239 568 2307 corporis
616 2238 905 2291 valitudine
949 2246 1118 2290 tactus
1169 2247 1218 2290 et
1267 2257 1545 2307 oppressus
1559 2279 1570 2304 ,
1631 2238 1788 2291 finem
1843 2240 1980 2290 vitae

139 2307 284 2374 apud
337 2308 603 2358 Marsnam
647 2307 898 2376 palatium
947 2309 1164 2375 accepit.
1253 2307 1413 2359 Cuius
1465 2308 1700 2376 exequiis
1749 2307 1985 2368 Karolus,

139 2393 236 2426 rex
283 2376 578 2428 interfuisse
628 2377 820 2429 dicitur
868 2394 929 2426 ac
977 2377 1154 2428 oculos
1200 2376 1427 2427 lacrimis
1478 2377 1703 2428 suffusus
1752 2376 1976 2428 dixisse:

141 2442 238 2509 ‘O’,
275 2444 531 2512 inquiens,
572 2450 654 2497 ‘ex
690 2445 793 2497 alto
819 2445 1083 2512 humilem,
1122 2464 1190 2496 ex
1226 2445 1398 2514 amplo
1425 2446 1781 2497 artissimum!
1820 2443 1978 2496 altero

139 2530 435 2580 personam,
473 2513 632 2565 altero
669 2522 1063 2565 monumentum
1089 2515 1404 2583 significans.
1462 2514 1797 2581 Peractisque
1835 2531 1980 2564 exse-

140 2582 303 2649 quiis,
345 2580 666 2648 Gisleberto,
705 2583 816 2633 eius
853 2582 987 2649 filio,
1024 2585 1129 2634 iam
1166 2583 1301 2634 facto
1340 2583 1539 2647 iuveni,
1579 2591 1851 2650 paternum
1889 2581 1978 2632 ho-

138 2668 321 2702 norem
395 2668 571 2770 qpram
632 2652 960 2720 principibus
1030 2653 1120 2720 qui
1195 2651 1556 2703 confluxerant
1618 2649 1978 2702 liberalissime

139 2737 407 2771 accommo
449 2727 515 2770 at.

261 2823 299 2877 *)
333 2826 521 2878 partium
553 2824 705 2864 Karoli
737 2824 972 2864 fidissimus
1004 2829 1119 2864 tutor
1151 2824 1313 2864 Elvlcelz.

240 2912 276 2954 a)
303 2914 515 2953 hospitibus
545 2916 575 2955 1,
613 2923 786 2953 superscr.
814 2915 855 2944 si.
990 2914 1027 2949 b)
1058 2923 1122 2943 vor
1149 2914 1310 2944 obscura.
1437 2912 1470 2952 0)
1501 2923 1515 2943 e
1542 2923 1633 2944 corr.
1751 2912 1788 2949 d)
1821 2922 1901 2943 sese
1931 2912 1974 2953 (2³)

141 2971 215 2992 orr.
243 2971 282 2993 se
309 2963 402 2994 solo.
530 2962 563 3000 e)
597 2967 678 3001 pose
705 2963 786 2993 add.
911 2960 941 3001 f)
970 2961 1038 3000 fol.
1070 2962 1123 2992 10.
1152 2967 1180 2992 e?
1212 2964 1265 2993 11.
1292 2963 1363 2992 alio
1391 2971 1449 2992 nec
1479 2971 1548 2992 uno
1576 2966 1728 3000 tempore
1770 2962 1902 2999 scripta
1947 2965 1976 2990 et

141 3019 246 3049 quam
267 3011 433 3049 pluribus
458 3011 598 3041 rasuris
627 3012 735 3050 plena
768 3012 905 3050 prioris
933 3011 1143 3042 recensionis
1161 3010 1367 3048 fraymenta
1395 3019 1465 3040 esse
1492 3011 1663 3040 ridentur.
1688 3015 1814 3048 postea
1844 3010 1976 3039 demum

141 3068 217 3089 cum
244 3060 332 3090 libro
360 3059 475 3098 qualis
500 3068 595 3090 nunc
622 3064 672 3090 est
695 3060 893 3098 conjuncta.
1007 3057 1043 3097 g)
1073 3058 1332 3089 efficacissime
1372 3064 1483 3098 atque
1523 3058 1664 3089 utiliter
1693 3060 1724 3089 1.
1829 3057 1866 3094 h)
1899 3057 1976 3087 Hac

142 3111 191 3138 et.
219 3107 257 3137 in
285 3108 357 3138 loco
385 3116 480 3138 raso.
559 3106 586 3147 i)
614 3117 652 3139 u.
670 3117 700 3139 c.
717 3108 790 3139 cod.
868 3107 905 3147 k)
933 3115 964 3140 c.
983 3105 1021 3138 C.
1048 3107 1082 3136 in
1110 3116 1220 3145 mar-y.

268 3184 313 3238 1)
346 3187 414 3225 Ex
445 3186 573 3226 Flod.
607 3186 665 3226 Η.
693 3187 818 3225 Rem.
853 3186 929 3234 IV,
958 3185 1025 3234 14,
1058 3185 1134 3225 ubi
1166 3185 1275 3225 haec
1309 3190 1406 3238 post
1438 3197 1628 3238 pugnam
1664 3183 1976 3224 Carnotensem

141 3246 261 3286 facta
310 3245 525 3286 dicuntur.
682 3244 886 3297 2)F10d.
931 3244 1022 3284 l.1.
1065 3246 1273 3297 sequitur,
1321 3244 1397 3285 sed
1444 3258 1513 3284 res
1563 3244 1691 3283 aliter
1741 3243 1978 3293 coniungit.

144 3304 192 3356 3)
228 3306 367 3358 Capp.
402 3307 608 3348 34.—40.
651 3305 942 3346 Ekkehardus
974 3305 1140 3357 Uraug.
1172 3306 1216 3344 in
1249 3305 1429 3345 historia
1461 3303 1714 3343 HeinriciI.
1750 3303 1979 3354 excerpsit.

145 3363 193 3417 4)
226 3366 470 3417 Raginerus
502 3368 589 3406 iam
622 3380 660 3407 a.
684 3367 786 3405 915.
821 3371 1012 3405 mortuus
1047 3377 1141 3405 esse
1183 3364 1376 3415 videtum
1412 3365 1466 3404 cf.
1492 3364 1685 3412 Wittich,
1710 3362 1980 3413 Lothriugen

144 3439 186 3477 p.
219 3425 289 3467 89.
416 3425 461 3478 5)
495 3428 525 3467 i.
560 3440 598 3466 e.
633 3439 792 3466 comes.
