2240 3879
208 424 291 456 962.

111 2026 176 2069 ⁸p.
206 2029 290 2061 613.

206 2308 290 2340 963.

207 2586 288 2618 964.

210 2863 292 2895 965.

305 263 360 302 92
730 258 985 300 RICHERI
1017 255 1436 297 HISTORIARUM
1468 256 1654 297 LIBER
1685 256 1772 297 ΙΙΙ.

310 409 361 453 et
396 398 855 451 vehementissime
901 392 1272 458 asserentibUS,
1323 393 1466 463 quod
1507 413 1539 445 a
1574 393 1905 446 multitudine
1952 395 2154 463 episco-

308 486 499 540 porum
549 468 1062 532 excommunicatuS,
1117 484 1148 516 a
1195 463 1397 514 minore
1450 481 1630 515 eorum
1680 482 1899 516 numero
1950 463 2154 516 absolvi

307 557 414 591 non
449 545 643 607 posset,
680 536 993 606 relinquitur
1039 535 1172 586 ratio
1223 532 1513 584 differenda
1556 551 1722 602 usque
1765 533 1831 585 ad
1868 534 2155 603 interroga-

304 611 501 661 tionem
539 625 712 677 papae
749 607 990 658 Romani.

450 677 528 730 17.
583 678 695 729 Nec
740 674 904 727 multo
959 683 1079 744 post
1129 681 1180 725 et
1228 672 1420 741 legatio
1477 671 1719 740 dirigitur
1771 673 1825 722 in
1882 670 2080 724 Gallias
2125 691 2158 724 a

307 748 500 800 domno
528 747 759 798 Iohanne
797 762 953 814 papa,
995 745 1086 814 qui
1120 745 1227 794 iam
1254 740 1569 793 succedebat
1594 739 1889 793 Octoviano
1902 750 1939 807 ³,
1977 742 2158 793 domni

308 818 559 887 Agapitib
600 817 949 880 successori1;
1011 832 1266 878 asserenS,
1324 811 1623 881 predictum
1671 811 1957 880 Hugonem
2014 811 2159 864 abdi-

310 898 502 952 catum,
540 894 647 937 tam
687 884 870 936 sinodo
897 884 1152 948 Romana,
1191 901 1350 952 quam
1376 881 1574 951 Papiae
1599 881 1901 950 nuperrime
1927 880 2109 933 habita
2121 890 2161 948 2,

309 958 375 1009 ab
416 956 680 1026 episcopis
717 953 900 1006 Italiae
937 953 1450 1017 anathematizatum,
1487 951 1591 1001 nisi
1629 949 1695 1002 ab
1729 951 1793 1001 iis
1820 968 1953 1020 quae
1978 949 2157 1002 illicite

307 1026 582 1096 repetebat
619 1025 927 1094 quiesceret.
979 1023 1101 1087 Qua
1136 1021 1397 1090 legatione
1431 1019 1674 1072 omnibus
1710 1021 1964 1080 intimata,
2004 1039 2159 1090 quae-

307 1096 564 1147 rimoniae
600 1095 733 1145 ratio
772 1093 1115 1163 pessumdata
1151 1099 1244 1142 est.
1334 1091 1528 1160 Hugo3
1576 1092 1755 1159 itaque
1803 1108 1835 1140 a
1869 1090 2027 1142 fratre
2061 1107 2160 1156 suo

308 1166 563 1218 Rotberto
612 1175 886 1233 recethS,
931 1163 1098 1214 nimia
1145 1162 1413 1213 anxietate
1462 1162 1599 1213 intra
1649 1161 1761 1212 dies
1811 1160 2161 1229 paucissimos

307 1234 472 1288 Meldi
510 1234 786 1287 defunctus
826 1241 918 1285 est.

451 1305 530 1356 18.
586 1305 768 1355 Bruno
829 1305 1008 1373 itaque
1063 1299 1497 1370 metropolitanus
1554 1309 1605 1352 et
1659 1300 1769 1351 dux
1825 1299 2036 1351 cuidam
2093 1317 2162 1352 ex

309 1374 531 1444 collegio
595 1375 968 1425 canonicorum
1028 1372 1368 1423 Mettensium
1437 1371 1648 1422 nomine
1711 1369 1959 1423 Odelrico
2019 1369 2161 1439 apud

308 1464 489 1514 regem
515 1443 838 1513 presulatum
879 1441 1179 1513 quaerebat.
1256 1439 1414 1505 Quod
1453 1458 1574 1491 cum
1615 1440 1940 1506 obtinuisset,
1980 1456 2159 1491 coram

309 1515 495 1567 adesse
544 1514 682 1565 facit.
776 1514 881 1578 Qui
928 1513 1010 1563 vir
1057 1508 1435 1576 memorabilis,
1494 1528 1616 1560 cum
1672 1518 1808 1561 esset
1862 1508 2060 1560 divitiis
2110 1517 2163 1561 et

308 1584 580 1636 nobilitate
606 1583 1005 1651 litterarumque
1031 1581 1251 1632 scientia
1276 1578 1408 1631 adeo
1438 1578 1620 1645 claruS,
1659 1596 1727 1630 an
1751 1597 1878 1647 rege
1907 1577 2161 1647 largiente

309 1655 680 1724 episcopatum
737 1652 1005 1719 suscipere
1052 1649 1259 1716 audeat,
1317 1649 1615 1700 sciscitatur
1630 1657 1665 1700 3.
1767 1648 1981 1700 Etenim
2035 1657 2163 1700 tunc

309 1724 656 1793 expetebatur
692 1741 723 1773 a
761 1721 992 1791 quodam
1026 1718 1234 1786 illustri,
1274 1719 1359 1769 cui
1384 1737 1416 1770 a
1441 1717 1573 1769 duce
1600 1717 1856 1770 auxilium
1881 1717 2164 1771 ferebatur.

309 1795 381 1845 At
417 1792 519 1860 ille,
558 1800 743 1862 utpote
781 1792 863 1842 vir
899 1789 1286 1859 magnanimus,
1327 1789 1371 1839 si
1407 1807 1504 1840 rex
1529 1788 1798 1857 largiatur,
1840 1806 1954 1840 sese
1980 1796 2161 1840 contra

310 1882 491 1915 omnes
530 1871 581 1915 et
618 1869 986 1931 suscepturum
1016 1867 1068 1911 et
1094 1858 1445 1925 defensurum,
1473 1859 1761 1928 respondit.
1818 1857 1976 1924 Quod
2003 1859 2160 1911 etiam

307 1933 528 1985 multam
567 1931 668 1983 sibi
707 1932 854 1982 ducis
893 1931 1144 1982 invidiam
1184 1929 1526 1998 comparavit.

449 2002 565 2057 *19.
624 2000 948 2054 Ordinatur4
995 2002 1175 2069 itaque
1223 2000 1311 2049 inC
1348 1997 1570 2049 basilica
1617 1998 1782 2050 sancti
1826 1997 2055 2068 Remigii
2093 1998 2160 2050 ab

308 2074 571 2141 episcopis
622 2071 894 2122 Remensis
941 2067 1247 2137 metropolis
1297 2068 1638 2134 diocesaneis,
1681 2067 1912 2120 VVidone
1961 2067 2165 2119 scilicet

310 2142 646 2205 SuessonicO,
684 2140 946 2191 Roricone
985 2139 1342 2203 Laudunensi,
1385 2137 1617 2189 Gibuino
1654 2136 2015 2203 Catalaunico,
2052 2137 2161 2188 Ha-

310 2211 453 2263 dulfo
500 2210 880 2263 Noviomensid
936 2218 1093 2279 atque
1136 2208 1397 2260 Wiefrido
1435 2207 1771 2258 Virdunensi.
1855 2208 1902 2259 F
1903 2215 2162 2277 actusque

309 2280 505 2352 presul,
552 2299 680 2332 mox
731 2281 964 2332 tirannos
1017 2281 1107 2349 qui
1157 2296 1282 2329 suae
1333 2276 1618 2329 aecclesiae
1667 2295 1749 2328 res
1798 2284 2158 2345 pervaserant,

309 2359 366 2402 ut
419 2351 487 2402 ad
541 2349 968 2402 satisfaciendum
1022 2349 1256 2413 redeant,
1311 2349 1424 2399 iure
1479 2346 1866 2399 aecclesiastico
1917 2347 2160 2399 advocat.

308 2421 520 2491 Atquee
570 2419 693 2471 inde
742 2438 838 2489 per
883 2427 989 2471 tres
1048 2418 1252 2470 dierum
1309 2417 1675 2488 quadragenas
1732 2418 1993 2469 concessit
2047 2435 2161 2469 esse

308 2489 702 2543 consulendum.

447 2562 530 2612 20.
586 2558 846 2611 Evolutof
865 2576 990 2611 vero
1018 2566 1271 2627 tempore,
1307 2554 1627 2608 Tetbaldum
1654 2556 2012 2608 Turonicum⁵
2040 2573 2160 2607 cum

307 2630 423 2682 aliis
449 2648 626 2682 rerum
645 2628 1153 2681 aecclesiasticarum
1174 2627 1546 2696 pervasoribus
1572 2625 1903 2678 anathemate
1925 2625 2156 2678 damnat.

307 2701 435 2752 Post
484 2717 589 2750 non
638 2698 828 2750 multos
874 2708 1050 2751 autem
1099 2698 1211 2750 dies
1257 2696 1547 2767 penitentia
1590 2695 1748 2759 ducti,
1788 2695 1857 2746 ad
1891 2695 2157 2765 presulem

309 2770 625 2822 satisfacturi
685 2769 906 2820 redeunt
965 2776 1123 2837 atque
1182 2786 1266 2819 res
1320 2783 1568 2835 pervasas
1623 2764 1860 2834 legaliter
1911 2764 2158 2817 reddunt.

307 2840 523 2908 Recipit
558 2840 735 2909 itaque
769 2839 993 2890 domnus
1031 2835 1207 2907 presul
1250 2835 1317 2888 ab
1356 2834 1637 2887 Heriberto
1677 2835 1888 2904 quidem
1929 2834 2157 2904 Sparna-

310 2919 461 2960 cum⁶
499 2910 675 2960 vicum
726 2907 1042 2977 populosum
1079 2917 1176 2958 acg
1231 2905 1554 2976 opulentum,
1615 2904 1681 2956 ab
1720 2904 1979 2956 Tetbaldo
2030 2922 2156 2957 vero

311 2988 542 3030 castrum
570 2978 962 3044 Codiciacuin⁷,
989 2995 1186 3048 eosque
1205 2986 1223 3012 ⁸
1249 2994 1280 3027 a
1306 2974 1516 3027 vinculo
1543 2974 1888 3026 anathematis
1913 2974 2154 3027 absolvit.

406 3082 441 3124 a)
472 3085 520 3114 ita
548 3094 564 3114 c
690 3083 727 3123 b)
761 3083 805 3115 A.
836 3092 958 3123 papae
987 3085 1021 3116 1.
1135 3080 1168 3123 c)
1203 3091 1225 3112 a
1252 3085 1281 3112 et
1309 3082 1437 3112 Remis
1465 3081 1616 3111 scribere
1642 3083 1809 3118 coeptum.
1916 3078 1953 3119 d)
1991 3079 2155 3118 aliisque

309 3134 505 3163 nonnuliis
528 3133 643 3172 peryic
676 3135 706 3165 ¹.
831 3131 865 3172 e)
895 3134 949 3164 Ac
980 3134 1010 3164 1.
1133 3130 1161 3172 f)
1191 3140 1281 3170 quae
1306 3134 1506 3170 sequuntur
1534 3147 1576 3153 —
1607 3129 1777 3160 annectit
1804 3128 1846 3169 (c.
1876 3127 1937 3169 21)
1961 3128 2156 3168 posteriori

308 3186 458 3222 tempore
486 3182 523 3212 in
551 3182 624 3212 loco
652 3191 736 3212 raso
764 3182 886 3212 addita
906 3182 1082 3212 videmur.
1183 3179 1220 3220 g)
1251 3183 1289 3210 at
1317 3181 1346 3210 1.

432 3265 477 3320 1)
511 3267 634 3306 Tunc
667 3266 889 3307 Iohannes
913 3266 1016 3305 XII.
1043 3265 1189 3306 adhuc
1223 3265 1373 3306 sedem
1398 3263 1697 3319 pontificalem
1721 3263 1915 3304 tenebat.
2013 3259 2060 3316 2)
2083 3263 2153 3303 De

309 3341 396 3381 qua
423 3329 478 3367 cf.
507 3327 779 3378 Ballerinos,
805 3327 1002 3367 Ratherii
1034 3327 1116 3380 Op.
1144 3341 1188 3379 p.
1221 3326 1340 3367 CXI.
1452 3324 1498 3378 3)
1543 3326 1670 3365 Haec
1703 3322 1819 3377 apud
1853 3323 2155 3365 Flodoardum

307 3390 467 3429 frustra
501 3401 702 3441 quaeras.
828 3387 871 3437 4)
909 3387 958 3427 C.
997 3388 1064 3426 19.
1101 3387 1173 3428 20.
1223 3386 1311 3427 Sed
1344 3386 1479 3426 verba
1512 3383 1734 3426 Remensis
1756 3383 2002 3437 metropolis
2036 3386 2152 3425 inse-

308 3451 394 3489 ruit
425 3450 566 3490 minus
599 3453 734 3496 recte,
769 3460 865 3488 cum
900 3447 1141 3488 Wicfridus
1175 3447 1464 3488 virdunensis
1487 3446 1747 3487 Treverensi
1779 3445 2003 3486 subiectus
2039 3448 2156 3486 esset

309 3510 724 3563 archiepiscopatui.
805 3506 850 3559 5)
877 3508 1159 3549 Carnotensis
1185 3521 1332 3549 comes
1350 3508 1443 3548 fuit.
1540 3504 1588 3559 6)
1607 3507 1827 3560 Epernay.
1922 3504 1966 3560 7)
1987 3505 2158 3558 Coucy.

309 3569 357 3624 8)
391 3584 598 3624 quemque
633 3568 679 3622 (i.
716 3583 753 3609 e.
788 3567 1071 3621 Tetbaldum)
1105 3568 1234 3610 Flod.
