2240 3879
187 429 268 462 949.

69 574 82 588 ⁸
97 575 164 609 fol.
195 576 268 610 30‘.

97 3000 160 3042 ’μ
189 3002 269 3034 609.

286 276 341 316 84
708 272 959 314 RICHERI
993 271 1411 314 HISTORIARUM
1445 272 1628 313 LIBER
1659 273 1720 315 ΙΙ.

287 431 466 466 01111163
506 413 724 464 sauciati
760 431 893 482 pene
933 411 1262 476 deficiebant,
1303 427 1424 461 cum
1460 411 1638 480 regiae
1676 409 1914 463 cohortes
1953 409 2131 462 11111133ι

287 485 542 536 excitatae
597 482 663 534 ab
711 482 903 533 abditis
951 488 1235 551 erumpunt
1271 478 1540 549 multoque
1578 481 1780 550 impetu
1820 482 1927 532 iam
1964 498 2131 550 prope

285 554 436 605 victis
495 551 811 604 subveniunt
847 560 1159 621 portamque
1214 550 1483 601 defensam
1531 550 1898 619 ingrediuntur
1944 553 2131 620 *atque

285 621 514 674 urbanos
569 622 786 673 immani
833 620 992 672 caede
1045 621 1367 672 adoriuntur.
1443 619 1549 684 Qui
1585 637 1712 670 mox
1748 638 1780 671 a
1827 619 2132 672 cohortibus

284 693 412 744 victi
448 710 510 743 ac
549 690 914 762 comprehensi
951 698 1087 756 sunt,
1138 699 1313 760 preter
1358 706 1557 759 paucos
1605 690 1695 758 qui
1732 690 1788 740 in
1824 691 1980 742 turris
2016 707 2131 759 pre-

287 763 479 814 sidium
515 780 627 813 sese
664 769 992 829 receperunt.

425 832 506 883 91.
563 831 892 882 Ludovicus¹
941 848 1064 899 ergo
1111 848 1208 881 rex
1258 828 1386 880 urbe
1433 828 1649 898 potitus,
1687 846 1807 880 cum
1852 827 1997 880 nulla
2044 847 2133 880 ex-

285 902 606 972 pugnatione
653 901 838 951 turrim
886 900 1126 951 evincere
1173 907 1373 968 posset,
1431 897 1497 950 ab
1552 897 1682 949 urbe
1730 916 1848 950 eam
1895 897 2130 965 secludit,

287 972 514 1023 obducto
567 972 877 1021 intrinsecus
926 987 1091 1020 1111110.
1176 969 1335 1034 Quod
1384 968 1582 1020 factum
1628 968 1739 1019 dux
1786 970 2131 1038 comperiens,

286 1060 407 1093 cum
445 1041 680 1092 exercitu
715 1038 984 1091 accelerat.
1059 1037 1131 1091 At
1167 1037 1296 1089 nihil
1330 1039 1524 1089 virium
1552 1056 1766 1090 exerere
1791 1036 1989 1105 valens,
2025 1056 2134 1090 non

286 1112 396 1163 sine
434 1128 636 1162 merore
674 1109 743 1160 ad
781 1128 874 1160 sua
909 1108 1059 1160 redit.
1133 1107 1269 1160 Illud
1306 1116 1508 1160 tantum
1545 1107 1729 1160 fecisse
1772 1107 1950 1175 fertur,
1989 1107 2134 1179 quod

286 1182 396 1233 arci
432 1181 611 1249 copias
649 1179 929 1230 demiserit.

426 1251 508 1302 92.
563 1249 765 1300 Aderat
815 1257 1024 1317 tempus
1086 1267 1187 1317 quo
1243 1267 1339 1300 rex
1394 1249 1572 1315 copias
1627 1248 1694 1300 ab
1754 1248 1947 1300 Ottone
2007 1265 2132 1316 rege

286 1319 684 1390 prestolabatur.
745 1317 915 1369 Adest
951 1337 1074 1388 ergo
1103 1317 1414 1370 Chonradus
1453 1319 1562 1370 dux
1601 1336 1721 1369 cum
1758 1318 1996 1369 exercitu
2028 1317 2131 1368 exb

285 1398 394 1442 tota
431 1388 649 1458 Belgica
693 1388 759 1439 ab
812 1387 1004 1439 Ottone
1051 1407 1175 1457 rege
1220 1389 1427 1440 missus,
1510 1388 1812 1440 Ludovicus
1861 1405 1986 1439 vero
2035 1405 2133 1438 rex

287 1479 409 1511 cum
447 1461 682 1511 exercitu
719 1458 783 1509 (16
820 1457 1039 1527 Belgica
1076 1457 1257 1508 ducisC
1294 1466 1487 1509 terram
1513 1457 1820 1527 ingreditur.
1894 1457 2133 1508 Primum

285 1548 408 1581 vero
470 1528 656 1579 urbem
718 1527 957 1579 Silletum
1017 1527 1140 1578 adit.
1213 1526 1295 1578 Ibi
1351 1535 1526 1578 autem
1582 1529 1813 1596 primum
1869 1534 2135 1578 certamen

285 1599 478 1650 habere
515 1597 711 1663 volens,
749 1597 1128 1665 impedimenta
1165 1615 1404 1666 quaeque
1442 1597 1509 1649 ab
1547 1597 1676 1648 urbe
1714 1604 1938 1648 amovet.
2007 1594 2133 1648 Suc-

286 1668 463 1720 cendit
507 1669 685 1736 itaque
724 1665 1034 1718 subin-bium
1080 1667 1488 1735 circumquaque
1533 1684 1596 1716 ac
1643 1666 1895 1736 quicquid
1940 1667 2132 1717 extrin-

287 1756 436 1790 secus
475 1745 682 1789 exstare
731 1736 1010 1787 videbatur
1055 1737 1109 1787 in
1157 1735 1443 1805 planiciem
1488 1735 1696 1805 redigit.
1784 1735 2133 1789 Obsidionem

287 1808 504 1878 deputat
557 1806 847 1876 urbemque
904 1805 1209 1857 circumdat.
1311 1806 1476 1858 Gravi
1532 1823 1816 1874 congressu
1869 1807 2132 1876 utrimque

287 1878 594 1930 dimicatum
620 1884 712 1929 est.
771 1876 1047 1945 Utrimque
1074 1894 1234 1945 quam
1250 1877 1271 1908 d
1297 1876 1511 1945 plurimi
1538 1877 1852 1928 sauciantur.
1902 1874 2131 1944 Belgae2

286 1966 426 2013 vero,
488 1948 611 2016 quia
671 1947 737 1998 ab
799 1945 1014 1997 urbanis
1074 1947 1299 1996 nimium
1347 1945 1676 1998 arcobalistis
1726 1944 2132 2016 impetebantur,

287 2019 527 2069 resistere
567 2018 855 2086 quiescunt.
921 2015 1065 2066 Nihil
1103 2018 1243 2066 enim
1282 2024 1464 2067 contra
1498 2017 1600 2067 nisi
1636 2023 1841 2068 tantum
1867 2023 2135 2067 scutorum

287 2087 548 2139 testudine
586 2085 881 2138 utebanuu·.
956 2084 1112 2137 Unde
1149 2094 1199 2137 et
1233 2086 1379 2155 regio
1405 2087 1552 2137 iussu
1579 2085 1645 2137 ab
1673 2086 1771 2138 ead
1807 2086 1938 2138 urbe
1966 2086 2134 2137 disce-

290 2157 435 2223 dunt,
481 2174 588 2207 non
625 2154 791 2207 solum
831 2155 896 2206 ob
947 2153 1380 2206 arcobalistarum
1427 2157 1703 2225 impetum,
1750 2173 1936 2207 verum
1974 2156 2134 2207 etiam

289 2227 355 2278 ob
393 2228 615 2278 turrium
653 2224 994 2295 plurimarum
1033 2225 1436 2276 firmamentum.

428 2296 509 2348 93.
556 2295 856 2347 Aliorsum³
890 2296 1067 2364 itaque
1101 2295 1198 2346 iter
1222 2303 1526 2364 retorquent
1551 2303 1602 2348 et
1626 2313 1794 2365 usque
1821 2294 1888 2346 ad
1913 2293 2134 2347 fluvium

291 2366 592 2436 Sequanam
631 2365 883 2435 quicquid
920 2365 1068 2416 ducis
1111 2366 1284 2415 visum
1331 2374 1409 2416 est
1454 2384 1550 2434 per
1586 2366 1653 2417 40
1690 2363 1915 2416 miliaria
1951 2366 2133 2416 imma-

288 2437 502 2488 nissime
540 2437 777 2487 insectati
815 2442 949 2486 sunt.
1036 2433 1143 2486 Sed
1190 2452 1310 2485 cum
1354 2433 1545 2485 fluvius
1593 2436 1883 2504 equitatum
1927 2435 2133 2503 regium

287 2505 501 2558 ulterius
540 2505 866 2575 prohiberet,
922 2515 1048 2556 1·ex‘³
1095 2505 1290 2572 gratias
1339 2506 1594 2556 exercitui
1637 2504 1811 2555 reddit
1859 2512 1910 2556 et
1957 2521 2134 2556 secum

287 2594 452 2645 usque
491 2594 593 2645 quo
632 2595 663 2626 a
700 2593 753 2626 36
792 2574 1151 2626 dividerentur
1174 2574 1394 2626 reducit.
1467 2574 1630 2625 Dux1
1656 2583 1831 2626 autem
1857 2592 1885 2625 e
1910 2574 2133 2643 vestigio

288 2646 574 2698 exercitiun
613 2643 887 2696 collectum
923 2645 978 2694 in
1014 2662 1215 2713 pagum
1256 2643 1631 2696 Suessonicum
1669 2644 1896 2696 deducit.

427 2716 509 2767 94.
562 2715 673 2767 Ubi
710 2733 831 2766 611111
868 2715 922 2764 111
958 2732 1138 2783 regem
1182 2723 1472 2780 conaretur,
1519 2713 1987 2766 intervenientibus
2025 2713 2132 2782 epi-

289 2786 461 2853 scopis
510 2784 741 2837 VVidone
787 2784 1185 2836 Autisidorense
1231 2793 1281 2836 et
1326 2784 1588 2853 Ansegiso
1635 2784 1947 2849 Trecasino‚
1999 2783 2133 2833 iure-

289 2854 508 2906 iurando
535 2855 798 2923 utrimque
824 2862 1058 2923 acceptO,
1091 2855 1186 2906 sub
1213 2872 1345 2923 pace
1373 2862 1642 2923 sequestra
1667 2872 1832 2924 usque
1858 2854 1913 2904 in
1938 2850 2134 2922 pascha

289 2925 421 2976 ratio
458 2942 638 2975 eorum
674 2923 833 2975 dilata
859 2932 950 2976 est.
1009 2924 1191 2989 Quae3
1220 2925 1396 2976 omnia
1419 2923 1553 2976 Iulio
1579 2923 1789 2975 mensef
1819 2930 1970 2992 gesta
1995 2929 2132 2973 sunt.

428 2994 539 3045 *952
597 2993 749 3058 Quo4
786 2995 945 3045 etiam
981 3001 1219 3063 tempore
1257 2994 1472 3045 sinodus
1510 2994 1710 3046 Romae
1746 2993 1929 3045 habita
1964 3000 2043 3044 est
2078 2991 2134 3042 111

290 3061 505 3115 basilica
536 3063 703 3114 sancti
729 3064 870 3115 Petri
895 3064 1135 3133 apostoli,
1173 3064 1473 3134 presidente
1499 3063 1692 3115 domno
1718 3063 1948 3133 Agapito
1974 3079 2136 3131 papa.

290 3133 352 3184 In
389 3151 492 3202 qua
529 3134 686 3184 etiam
736 3134 848 3201 ipse
898 3133 1120 3185 domnus
1166 3152 1308 3203 papa
1357 3133 1639 3185 concilium
1685 3134 1946 3184 anteriore
1994 3148 2133 3182 anno

291 3203 435 3272 apud
474 3202 786 3270 Angleheim
825 3202 1062 3254 habitum
1110 3221 1288 3255 coram
1335 3204 1599 3272 episcopis
1645 3201 1828 3254 Italiae
1865 3199 2134 3253 roboravit

391 3322 424 3361 a)
457 3331 479 3354 a
514 3323 612 3354 tubis
649 3324 679 3353 1.
817 3322 854 3363 b)
884 3332 930 3355 ex
957 3327 982 3354 t.
1011 3325 1053 3357 B.
1091 3329 1171 3364 post
1205 3325 1290 3357 add.
1426 3322 1459 3364 c)
1497 3325 1537 3355 in
1571 3323 1676 3354 ducis
1713 3323 1743 3353 1.
1871 3321 1908 3363 d)
1942 3325 2026 3361 post
2052 3320 2136 3354 add.

291 3373 326 3411 e)
358 3372 432 3403 dux
461 3373 493 3403 1.
595 3370 622 3411 f)
649 3372 795 3409 August
818 3376 988 3412 tempore
1018 3374 1050 3404 1.

417 3459 461 3511 1)
497 3458 739 3511 Sequentia
773 3471 825 3497 ex
857 3457 984 3499 Flod.
1112 3460 1157 3512 2)
1191 3458 1314 3509 Quae
1338 3463 1578 3512 sequuntur
1611 3455 1736 3497 addit
1769 3457 1996 3498 Richerus.
2053 3456 2134 3496 Ar·

296 3519 538 3560 cobalistae
572 3519 655 3559 hoc
688 3519 873 3572 primum
906 3518 1004 3560 loco
1040 3526 1346 3561 memorantur.
1452 3517 1499 3571 3)
1534 3518 1660 3558 Haec
1694 3531 1869 3572 quoque
1904 3517 2137 3558 Rieherus.

296 3579 342 3628 4)
378 3579 445 3619 Ad
480 3579 777 3621 Flodoardum
810 3578 938 3619 redit.
