2240 3879
114 401 126 415 ’
141 414 175 444 p.
203 403 287 436 636.

207 453 290 488 988.

192 2260 289 2300 Aug.

125 2739 217 2773 'foL
236 2742 296 2774 45.

312 243 395 283 138
703 244 957 286 RICHERI
989 243 1408 285 HISTORIARUM
1440 245 1624 286 LIBER
1655 247 1764 286 1111.

307 402 458 452 reges
498 384 733 435 exercitu
771 382 988 434 collecto
1028 383 1213 434 urbem
1251 383 1543 451 predictam
1582 402 1702 434 cum
1730 385 1866 436 8000
1893 385 2159 453 *aggressi

307 461 442 504 sunt.
518 452 703 505 Castra
739 453 979 522 inprimis
1016 470 1209 522 aggere
1248 460 1298 504 et
1332 452 1473 503 fossa·
1510 454 1765 505 muniunt.

875 583 956 634 22.
1032 581 1359 651 Compositio
1398 583 1591 634 arietis.

445 670 575 721 Inde
614 669 900 721 exstruitur
935 666 1085 733 aries,
1125 667 1287 718 muris
1312 666 1614 736 frangendis
1642 665 1938 720 obnisurus.
1995 668 2159 721 Cuius

307 738 607 790 machinam
646 758 713 790 ex
752 745 976 807 quatuor
1011 739 1174 788 mirae
1212 736 1580 805 grossitudinis
1619 745 1669 788 et
1693 736 2034 805 longitudinis
2060 745 2160 789 tra-

306 808 460 860 bibus
497 807 806 876 longilatero
847 816 1075 859 scemate
1103 816 1397 873 erexerunt,
1435 808 1491 857 in
1529 808 1801 859 cacumine
1839 816 1889 859 et
1913 808 2029 859 basi
2065 827 2162 878 per

308 887 530 948 quatuor
567 877 730 929 latera
773 876 1042 945 repagulis
1088 885 1385 928 transverse
1432 879 1683 943 annexis3
1731 879 1785 928 in
1822 877 1996 929 medio
2035 895 2159 929 vero

307 947 671 999 solummodoa
707 946 882 998 levum
918 947 1053 997 latus
1089 954 1140 997 et
1177 946 1420 998 dextrum
1466 946 1609 1016 ligna
1655 948 1963 998 transmissa.
1996 946 2160 998 habu-

307 1036 405 1069 ere.
493 1017 564 1068 At
613 1035 771 1086 super
819 1015 1049 1067 trabium
1097 1024 1385 1067 erectarum
1436 1018 1730 1085 superiores
1789 1017 2160 1069 commissuras

305 1088 573 1156 longurios
611 1086 741 1138 duos
780 1093 1077 1138 straverunt
1112 1087 1443 1156 inmotosque
1488 1087 1787 1153 effecerunt,
1824 1094 2026 1155 partem
2062 1096 2160 1138 ter-

305 1158 432 1208 tiam
472 1158 756 1227 superioris
783 1157 938 1226 spatii
963 1156 1192 1208 trabium
1217 1157 1271 1206 in
1297 1156 1469 1208 medio
1498 1156 1805 1208 obtinentes.
1861 1157 1941 1207 Ab
1970 1155 2161 1226 quibus

306 1226 558 1295 longuriis
618 1227 769 1278 funes
831 1225 1113 1296 implicitos
1176 1226 1546 1294 deposuerunt.
1643 1227 1886 1279 Funibus
1950 1245 2161 1296 quoque

305 1297 507 1349 trabem
547 1315 665 1348 cum
703 1297 895 1349 ferrato
936 1297 1104 1366 capite
1143 1296 1338 1348 multae
1364 1297 1732 1365 grossitudinis
1759 1297 2160 1365 suspenderunt.

308 1366 408 1418 Cui
448 1368 604 1419 etiam
642 1367 780 1419 trabi
816 1367 870 1416 in
909 1367 1082 1417 medio
1122 1374 1172 1417 et
1210 1374 1444 1417 extremo
1482 1367 1633 1417 funes
1672 1365 1911 1434 alligatos
1943 1366 2161 1418 adhibu-

307 1445 511 1503 erunt03
567 1439 656 1506 qui
705 1455 733 1487 a
784 1436 1150 1488 multitudined
1195 1436 1347 1487 tracti
1400 1445 1450 1488 et
1495 1437 1716 1502 remissi,
1763 1437 1986 1488 ferratae
2035 1435 2162 1487 moli

306 1514 506 1557 motum
535 1507 733 1558 darent.
791 1506 945 1557 Unde
972 1515 1023 1557 et
1047 1505 1349 1556 huiusmodi
1375 1505 1635 1572 machina,
1665 1507 1789 1575 quia.
1813 1523 1957 1557 more
1985 1507 2161 1558 arietis

306 1584 444 1628 retro
491 1585 655 1628 tracta
714 1584 833 1628 ante
872 1594 990 1626 cum
1039 1577 1243 1644 impetu
1286 1577 1405 1641 ruit,
1443 1576 1578 1626 aries
1628 1575 1948 1645 appellatur3
1997 1576 2164 1626 cuius-

307 1665 535 1716 cumque
574 1645 852 1698 soliditatis
889 1646 1051 1696 muris
1088 1644 1392 1714 frangendis
1418 1645 1742 1714 aptissimus.
1806 1645 1978 1710 Quam
2006 1646 2164 1697 etiam

306 1716 604 1768 machinam
644 1735 803 1785 super
840 1724 944 1767 tres
983 1723 1123 1766 rotas
1173 1714 1435 1784 triangulo
1476 1723 1701 1767 scemate
1747 1715 1974 1785 positam
2021 1722 2165 1784 apta.-

307 1794 510 1853 verunt,
564 1796 701 1855 quoe
749 1785 954 1836 facilius
1006 1784 1286 1855 obliquata,
1340 1803 1674 1854 quocumque
1722 1793 1986 1855 oporteret
2031 1786 2164 1837 verti

307 1855 518 1908 valeret.
581 1856 653 1907 At
692 1859 813 1926 quia
852 1855 996 1906 urbis
1036 1856 1164 1906 situs
1192 1855 1444 1906 accedere
1471 1855 1753 1924 prohibuit,
1794 1874 1853 1908 eo
1882 1855 2024 1925 quod
2048 1856 2166 1924 ipsa

308 1926 433 1978 urbs
470 1928 523 1976 in
563 1928 812 1978 eminenti
849 1928 1041 1977 montis
1090 1927 1361 1977 cacumine
1409 1925 1657 1991 eminetf,
1707 1926 1841 1978 aries
1878 1926 2163 1978 fabrica-tus

308 1996 478 2047 cessit.

467 2127 548 2177 23.
623 2126 898 2193 Digressio
936 2126 1180 2195 Hugonis
1220 2144 1335 2177 cum
1377 2126 1616 2177 exercitu
1652 2144 1683 2176 a
1719 2125 1994 2177 Lauduno.

448 2226 575 2277 Post
623 2226 753 2276 haec
811 2244 924 2276 cum
976 2244 1071 2294 per
1119 2225 1230 2277 dies
1286 2224 1540 2295 plurimos
1590 2228 1643 2276 in
1695 2225 1964 2278 obsidione
2018 2225 2163 2278 urbis

310 2294 501 2365 vigiliis
541 2303 590 2346 et
629 2296 766 2346 curis
792 2298 1090 2365 pugnisque
1118 2296 1479 2365 frequentibus
1506 2295 1901 2360 laboravissent,
1930 2295 2014 2347 die
2042 2313 2163 2364 qua-

311 2367 429 2417 dam
466 2365 770 2417 custodibus
798 2375 1087 2416 castrorum
1115 2367 1238 2416 vino
1267 2383 1556 2435 somnoque
1583 2366 1886 2435 aggravatis
1900 2374 1936 2431 g,
1975 2365 2163 2417 urbani

311 2437 432 2486 vino
491 2434 768 2487 exhilarati
825 2455 943 2486 cum
999 2437 1157 2486 armis
1214 2434 1280 2486 ad
1337 2444 1507 2486 castra
1560 2435 1831 2505 pedestres
1891 2444 2163 2487 venerunt.

311 2506 530 2575 Equites
567 2523 690 2557 vero
730 2513 1113 2574 consequenter
1137 2508 1325 2556 armati
1352 2505 1618 2557 subsecuti
1645 2513 1780 2567 sunt,
1817 2505 1895 2556 rei
1919 2512 2163 2556 eventum

310 2574 655 2644 prestolantes
670 2576 708 2642 ¹¹,
759 2583 831 2641 ut,
883 2577 927 2627 si
962 2594 1171 2644 pugnae
1217 2575 1364 2626 locus
1409 2575 1617 2627 adesset
1663 2593 2021 2645 prosperaque
2063 2573 2164 2625 for-

310 2659 437 2698 tuna.
472 2645 678 2697 felicem
717 2646 993 2697 annuereti
1044 2653 1304 2711 eventum,
1357 2664 1476 2696 cum
1515 2644 1662 2696 hoste
1710 2646 2006 2696 comminus
2043 2662 2164 2695 con-

310 2715 567 2785 fligerent.
665 2714 799 2766 Cum
853 2734 977 2784 ergo
1031 2715 1233 2784 pedites
1290 2717 1425 2766 *iam
1483 2717 1667 2767 castris
1721 2715 2165 2784 propinquassent

313 2785 661 2855 custodesque
699 2788 1000 2854 consopitos
1037 2785 1433 2851 intellexissent,
1481 2784 1624 2837 faces
1663 2785 1846 2836 castris
1882 2784 2162 2836 immisere.

314 2855 551 2919 Quorum
590 2855 819 2906 incendii
854 2856 997 2906 fumo
1036 2874 1124 2906 aer
1175 2855 1438 2921 densatus,
1487 2873 1592 2905 non
1642 2853 1811 2906 solum
1848 2855 2163 2906 intuentium

310 2925 511 2976 visibus
548 2933 681 2977 tetra
697 2927 719 2958 ¹³
758 2925 1067 2994 nigredinek
1109 2926 1365 2992 obstabat,
1403 2933 1457 2976 at
1486 2926 1637 2992 gravi
1660 2943 1856 2993 vapore
1880 2924 2087 2975 narium
2113 2930 2165 2976 et

312 2995 544 3045 faucium
583 3004 785 3046 meatus
811 2994 1210 3046 intercludebat.
1271 2995 1504 3047 Pedites¹
1541 3013 1668 3046 mox
1692 2993 1989 3060 vociferari,
2028 2991 2164 3044 clan-

313 3083 436 3133 gere
474 3063 663 3115 milites
704 3082 904 3133 cepere.
976 3065 1094 3116 Rex
1132 3073 1183 3117 et
1221 3066 1312 3135 qui
1349 3083 1470 3115 cum
1508 3083 1567 3116 00
1607 3074 1755 3116 erant
1791 3063 2164 3116 elementorum

315 3133 620 3186 confusione
657 3135 925 3204 multoque
974 3135 1206 3186 virorum
1256 3135 1483 3187 clamore
1522 3143 1573 3186 et
1609 3135 1881 3186 turbarum
1919 3133 2164 3202 clangore

314 3204 522 3271 turbati,
570 3205 635 3256 ab
672 3205 802 3256 urbe
849 3203 997 3256 sedes
1041 3213 1329 3256 mutavere.
1403 3204 1539 3255 Nam
1579 3211 1747 3255 castra
1786 3221 1906 3254 cum
1945 3201 2076 3254 cibis
2114 3210 2165 3254 et

313 3274 469 3326 rebus
509 3272 752 3325 omnibus
791 3273 1115 3343 absumptam
1153 3274 1382 3327 videbat.
1456 3273 1610 3326 Unde
1648 3281 1730 3325 et¹¹
1769 3272 2060 3324 exercitum
2096 3270 2166 3323 ad

413 3434 442 3463 a'
478 3433 502 3467 1.
528 3433 552 3464 l.
582 3436 617 3464 et
644 3433 678 3466 d.
708 3442 736 3464 s.
769 3435 799 3466 1.
924 3432 962 3473 b)
992 3434 1037 3464 In
1076 3435 1104 3464 1.
1233 3433 1265 3474 c)
1295 3433 1573 3473 suspenderunt
1611 3433 1644 3462 1.
1773 3430 1809 3471 d)
1835 3429 2029 3474 mili(tu1n)
2057 3430 2165 3462 scribi

316 3485 483 3520 coeptum.
599 3477 633 3518 0)
664 3485 702 3513 ut
732 3485 761 3513 1.
878 3482 905 3520 f)
935 3482 1125 3514 eminebat
1157 3485 1186 3514 1.
1289 3481 1326 3522 g)
1355 3491 1459 3521 grav.
1491 3483 1523 3512 1.
1637 3478 1676 3518 h)
1705 3485 1821 3520 prost.
1850 3490 1877 3512 c.
1994 3478 2023 3521 i)
2051 3487 2164 3519 spon-

317 3530 422 3560 deret
448 3539 623 3569 superscr.
652 3534 853 3563 annueret.
953 3530 991 3570 k)
1017 3536 1097 3570 post
1124 3532 1204 3562 add.
1322 3530 1349 3572 l)
1378 3531 1416 3563 P.
1445 3539 1494 3563 m.
1523 3539 1556 3562 v.
1585 3529 1619 3560 (¹1
1660 3537 1708 3562 m.
1742 3529 1780 3560 ‘in
1807 3539 1921 3569 mary.
2022 3529 2073 3570 m)
2103 3528 2165 3560 ab·

319 3582 464 3618 sumpte
503 3583 609 3610 erant
640 3582 670 3612 1.
798 3578 836 3618 11)
867 3588 933 3612 rex
963 3582 994 3610 1-
