2240 3879
466 290 719 331 RICHERI
753 289 1171 331 HISTORIARUM
1203 289 1387 331 LIBER
1418 291 1508 332 111.
1862 297 1945 335 101

104 427 327 479 mathesi
362 445 418 479 se
457 428 580 478 satis
624 446 796 497 posse,
842 425 1043 495 logicae
1089 443 1215 477 vero
1260 427 1533 478 scientiam
1581 448 1634 481 se
1672 432 1945 485 addiscere

104 496 253 563 velle,
291 496 579 564 respondit.
664 495 751 548 Ad
799 513 957 564 quam
995 495 1118 564 quia
1153 496 1431 564 pervenire
1468 496 1794 567 moliebatur,
1841 520 1947 553 non

103 566 234 617 adeo
272 567 327 616 in
364 566 601 618 docendo
639 566 714 618 ibi
750 571 982 615 moratus
1017 572 1110 614 est.

204 681 287 731 45.
346 679 503 745 Quod
540 679 644 730 aba
683 679 875 731 Ottone
912 696 1035 746 rege
1076 676 1142 728 Gr.
1180 677 1349 747 logico
1389 682 1730 734 commissusa
1769 685 1849 735 sit.

242 765 362 828 Quo
408 773 644 832 tempore
695 762 794 816 (inl
832 762 1172 813 Remensium
1208 763 1646 816 archidiaconusb
1683 768 1737 817 in
1773 767 1946 837 logica

102 832 420 884 clarissimus
458 831 766 883 habebatur.
854 831 961 896 Qui
1010 832 1197 882 etiamc
1245 850 1275 882 a
1322 832 1570 885 Lothario
1618 836 1944 888 Francorum

100 920 226 970 rege
265 901 484 953 eademd
521 901 862 969 tempestated
902 900 1084 952 Ottoni
1121 901 1233 968 regi
1258 901 1438 954 Italiae
1474 902 1677 972 legatus
1715 905 1945 959 directus

101 979 193 1022 est.
269 970 432 1023 Cuius
469 969 703 1021 adventu
747 970 952 1021 iuvenis
1000 968 1336 1037 exhilaratus,
1388 990 1567 1040 regem
1614 974 1743 1026 adiit
1788 985 1943 1045 atque

99 1049 158 1091 ut
185 1040 251 1090 Gr.
293 1040 706 1091 committeretur
744 1040 988 1107 optinuit.
1045 1039 1117 1090 Et
1145 1038 1195 1090 Gr
1200 1079 1278 1090 .....
1285 1058 1314 1091 o
1351 1059 1446 1108 per
1482 1040 1682 1111 aliquot
1707 1053 1944 1113 tempora

97 1109 267 1160 haesit
302 1109 599 1176 Remosque
650 1107 716 1158 ab
765 1126 824 1159 eo
865 1108 1119 1159 deductus
1157 1116 1247 1159 est.
1321 1109 1371 1159 A
1410 1129 1512 1179 quo
1551 1113 1707 1162 etiam
1742 1113 1944 1182 logicae

99 1178 369 1229 scientiam
417 1177 708 1245 accipiens,
764 1178 820 1226 in
855 1177 1005 1230 brevi
1051 1176 1336 1228 admodum
1385 1179 1622 1248 profecit.
1690 1180 1755 1233 G.
1801 1202 1942 1249 vero,

98 1265 217 1297 cum
253 1246 475 1297 mathesi
511 1264 726 1313 operam
764 1246 929 1305 daret,
970 1248 1095 1298 artis
1124 1246 1432 1299 difficultate
1457 1249 1642 1311 victus,
1684 1269 1715 1301 a
1742 1253 1944 1304 musica

94 1317 317 1367 reiectus
357 1324 448 1367 est.
523 1315 811 1367 Gerbertus
828 1325 862 1349 θ’
898 1316 1133 1368 interead
1172 1316 1463 1368 studiorum
1507 1319 1778 1371 nobilitate
1826 1340 1942 1401 pre-

97 1385 236 1436 dicto
275 1384 680 1454 metropolitano
720 1385 1135 1451 commendatuS,
1175 1387 1286 1436 eius
1326 1389 1551 1453 gratiam
1576 1406 1668 1456 pre
1699 1391 1940 1442 omnibus

93 1456 398 1524 promeruit.
488 1454 646 1505 Unde
702 1462 753 1505 et
803 1455 869 1505 ab
927 1473 986 1507 eo
1035 1462 1266 1522 rogatUS,
1324 1456 1704 1526 discipulorum
1741 1468 1940 1512 turmas

95 1522 294 1575 artibus
332 1524 665 1574 instruendas
702 1525 750 1575 ei
786 1523 1039 1575 adhibuit.

162 1623 246 1674 46.
302 1622 472 1686 Quem
512 1623 780 1673 ordineme
818 1622 1105 1675 librorume
1152 1624 1207 1673 in
1245 1623 1514 1675 docendoe
1555 1627 1782 1677 servavit
1797 1638 1830 1678 e.

235 1705 579 1758 Dialecticam
617 1725 740 1775 ergo
791 1707 971 1758 ordine
1018 1707 1270 1759 librorum
1320 1726 1648 1776 percurrens,
1697 1710 1937 1763 dilucidis

95 1776 467 1827 sententiarum
506 1775 680 1828 verbis
721 1776 979 1827 enodavit.
1057 1777 1307 1846 Inprimis
1346 1779 1486 1828 enim
1516 1778 1782 1847 Porphirii
1818 1799 1936 1849 ysa-

90 1863 273 1913 gogaS,
328 1844 382 1896 id
433 1852 510 1896 est
560 1845 987 1910 introductiones,
1041 1846 1329 1897 secundum
1377 1847 1636 1898 Victorini
1679 1848 1936 1901 rhethoris

91 1913 500 1980 translationem,
538 1914 660 1966 inde
686 1915 844 1966 etiam
871 1914 1084 1965 easdem
1119 1915 1404 1966 secundum
1431 1916 1718 1967 Manlium2
1759 1918 1935 1988 expla-

92 1985 253 2034 navit.
351 1982 808 2052 Cathegoriarum,
876 1984 931 2034 id
992 1992 1070 2034 est
1128 1985 1670 2053 predicamentorum‚
1741 1986 1935 2039 librum

92 2051 416 2104 Aristotelisf
457 2061 836 2121 consequenter
883 2052 1178 2105 enucleans.
1249 2054 1662 2106 Periermenias3
1699 2075 1842 2123 vero,
1880 2056 1935 2108 id

92 2128 171 2173 est
218 2121 282 2173 de
330 2122 757 2190 interpretatione
804 2121 1019 2188 librum,
1077 2124 1226 2174 cuius
1272 2122 1466 2174 laboris
1517 2125 1605 2191 sit,
1663 2128 1934 2195 aptissime

90 2191 416 2242 monstravit.
487 2190 620 2242 Inde
659 2193 817 2243 etiam
853 2193 1045 2261 topica,
1094 2193 1150 2243 id
1187 2199 1265 2243 est
1299 2201 1728 2261 argumentorum
1766 2195 1933 2263 sedes,

91 2278 122 2311 a
158 2259 329 2312 Tullio
369 2260 433 2311 de
474 2260 646 2312 Greco
683 2261 739 2311 in
773 2260 1022 2312 Latinum
1058 2261 1323 2329 translata,
1362 2271 1412 2314 et
1442 2280 1472 2311 a
1497 2262 1694 2315 Manlio
1722 2265 1933 2316 consule

90 2347 186 2380 sex
251 2331 745 2382 commentariorum
804 2329 951 2380 libris
1014 2329 1325 2397 dilucidata,
1396 2332 1542 2382 suisg
1602 2332 1930 2386 auditoribus
1990 2351 1996 2355 ·

87 2397 364 2450 intimavit.

277 2498 362 2549 47.
419 2497 562 2561 Quid
597 2497 980 2566 provehendish
1018 2497 1362 2549 rhethoricish
1398 2498 1740 2567 providerith.

162 2620 165 2622 -
227 2580 466 2632 Necnoni
506 2588 556 2632 et
593 2589 819 2650 quatuor
845 2580 909 2631 de
936 2581 1124 2649 topicis
1153 2580 1456 2633 differentiis
1481 2583 1660 2648 libros,
1698 2583 1761 2634 de
1797 2583 1931 2636 sillo-

88 2650 274 2717 gismis
301 2650 646 2719 cathegoricis
674 2650 823 2715 dUOS,
863 2649 926 2701 de
950 2649 1265 2718 ypotheticis
1291 2658 1412 2717 tres,
1453 2651 1931 2722 diffinitionumque

87 2717 279 2770 librum
334 2738 513 2786 imum,
576 2719 896 2770 divisionum
952 2720 1154 2787 aequek
1210 2737 1388 2785 unum,
1451 2719 1648 2772 utiliter
1699 2720 1826 2791 legit
1880 2731 1932 2774 et

88 2789 362 2857 expressit.
435 2789 564 2841 Post
600 2806 824 2857 quorum
860 2787 1109 2853 laborem,
1162 2806 1280 2840 cum
1318 2788 1386 2840 ad
1421 2788 1772 2841 rhethoricam
1809 2810 1929 2843 suos

88 2857 375 2926 provehere
400 2857 572 2923 vellet,
598 2858 654 2909 id
679 2857 778 2909 sibi
806 2865 1107 2925 suspectum
1134 2866 1259 2923 erat,
1300 2858 1442 2927 quod
1470 2860 1580 2911 sine
1605 2858 1929 2913 locutionum

87 2925 272 2992 modiS,
313 2927 404 2995 qui
439 2928 494 2978 in
528 2927 698 2997 poetis
737 2926 973 2978 discendi
1009 2933 1143 2991 sunt,
1181 2926 1249 2978 ad
1276 2929 1555 2979 oratoriam
1581 2937 1745 2982 artem
1771 2932 1928 2982 anted

88 2996 350 3063 perveniri
407 3014 514 3047 non
563 3003 734 3066 queat.
816 2996 1008 3047 Poetas
1067 2996 1226 3063 igitur
1280 2996 1547 3062 adhibuit,
1604 2999 1794 3067 quibus
1852 3019 1931 3050 as-

87 3064 398 3117 suescendos
435 3065 798 3118 arbitrabatur.
853 3065 1008 3132 Legit
1044 3065 1221 3133 itaque
1257 3083 1320 3116 ac
1357 3066 1533 3118 docuit
1567 3067 1839 3119 Maronem
1878 3076 1930 3120 et

91 3131 315 3184 Statium
341 3134 751 3204 Terentiumque
776 3142 975 3202 poetas,
1036 3133 1339 3186 Iuvenalem
1366 3153 1574 3205 quoque
1600 3154 1662 3188 ac
1688 3137 1928 3188 Persium

184 3287 221 3330 a)
249 3290 310 3331 ab,
338 3291 399 3333 G„
427 3292 581 3324 commis
606 3291 698 3322 absc.
783 3289 821 3331 b)
849 3290 1018 3330 archiepi
1042 3291 1190 3321 scribere
1215 3295 1382 3330 coeptum.
1461 3291 1493 3332 e)
1523 3301 1607 3324 cum
1636 3294 1668 3324 1.
1747 3289 1796 3333 α’)
1826 3292 1870 3325 G.
1899 3303 1928 3328 c.

89 3334 128 3379 ἃ)
148 3341 229 3377 poet
253 3339 335 3371 add.
411 3339 447 3382 e)
476 3349 529 3380 or,
554 3340 639 3380 libr,
667 3340 727 3380 do,
755 3348 816 3370 ser
840 3339 932 3372 absc.
1008 3337 1038 3379 f)
1065 3339 1244 3371 Aristelis
1258 3350 1287 3372 c.
1362 3339 1400 3382 g)
1427 3342 1487 3371 sui
1512 3350 1605 3374 corr.
1634 3341 1726 3372 suis.
1802 3340 1841 3382 h)
1868 3350 1927 3383 ve,

87 3384 173 3427 icis,
200 3386 230 3417 it
254 3387 346 3419 absc.
446 3387 474 3430 i)
501 3389 579 3420 Nec
606 3397 698 3419 corr.
724 3388 893 3420 Necnon.
993 3386 1032 3427 k)
1061 3396 1211 3427 quoque
1237 3389 1414 3420 similiter
1442 3392 1475 3420 1.

211 3505 257 3561 1)
289 3509 516 3552 Gerannus
565 3511 904 3552 archidiaconus
946 3509 1113 3562 synodo
1165 3524 1205 3552 a.
1249 3511 1351 3553 972.
1395 3513 1674 3566 subscripsit3
1726 3512 1930 3554 Harduin

89 3564 227 3608 Cone.
257 3569 337 3621 VI,
371 3570 409 3621 1,
441 3585 486 3624 p.
522 3570 625 3612 689.
749 3571 796 3625 2)
828 3572 889 3613 Μ.
919 3571 1170 3612 Boethium.
1294 3570 1341 3625 3)
1367 3571 1468 3629 περὶ
1500 3569 1742 3629 ἑρμηνείας.
