2240 3879
186 385 267 418 892.

95 801 157 844 ⁸p.
186 804 269 837 572.

103 1755 187 1787 Iun.
210 1756 267 1786 11.

108 2310 119 2320 ⁸
137 2312 201 2344 fol.
220 2313 266 2343 4¹.

286 234 310 272 8
717 227 971 269 RICHERI
1001 225 1419 268 HISTORIARUM
1449 225 1631 267 LIBER
1664 226 1699 266 Ι.

287 387 382 440 per
426 367 656 419 hostium
703 368 843 419 acies
890 365 1116 418 efferam.
1191 364 1301 416 Nec
1337 363 1601 415 fortunam
1648 363 1772 417 belli
1820 366 2127 436 ambiguam

288 454 599 507 expavesce,
650 455 770 489 cum
818 434 978 488 semel
1021 454 1104 487 me
1141 434 1451 485 moriturum
1499 437 1790 502 cognosco'.
1863 435 1950 487 Ad
1997 435 2127 488 haec

290 509 407 562 Odo
461 525 584 559 rex:
642 506 878 573 ‘Nostro'‚
929 506 1121 575 inquit,
1184 503 1335 555 ‘dono
1392 521 1453 555 ac
1506 504 1808 573 principum
1860 505 2127 557 voluntate

288 578 504 648 signifer
540 578 678 628 esto'.
751 575 844 627 Ille
882 576 1090 645 signum
1135 575 1405 643 excipiens
1420 582 1454 639 a,
1503 574 1715 642 agmine
1763 573 1977 627 densato
2032 575 2130 627 cir-

289 654 590 716 cumseptus
652 645 942 697 incedebat.
1030 645 1329 714 Factusque
1385 643 1536 695 cunei
1595 641 1832 696 militaris
1888 663 2130 710 acumen,

286 717 461 769 hostes
498 714 858 768 vibrabundus
907 714 1211 783 ingreditur.
1285 713 1671 782 Precipitantur
1715 712 1927 766 barbari
1969 716 2132 767 vires-

290 806 390 858 que
416 787 661 838 amittunt
672 794 706 837 ³.
767 784 839 836 At
874 785 1050 853 regius
1078 784 1338 836 exercitus
1366 784 1589 849 rediens⁷
1628 783 1850 835 *iterum
1885 784 2133 853 irrumpit

290 857 589 925 sternitque.
663 855 954 923 Tercioque
1002 854 1214 906 adortus
1268 853 1376 905 fere
1432 871 1610 904 omnes
1666 854 1930 923 opprimit.
2003 854 2128 905 Exb

291 944 511 996 quorum
546 923 772 976 tumultu
799 941 919 975 cum
956 942 1046 975 aer
1082 923 1328 975 densatus
1366 922 1528 975 multo
1567 921 1783 992 pulvere
1820 924 2130 992 pinguesce-

288 1004 389 1061 ret,
443 993 695 1047 Catillus*
736 1011 856 1044 cum
910 994 1094 1062 paucis
1149 1012 1244 1062 per
1301 991 1578 1061 caliginem
1626 992 1752 1062 fuga
1799 1012 1911 1045 sese
1975 993 2130 1045 surri-

288 1066 403 1134 puit
438 1073 592 1134 atque
617 1065 671 1114 in
696 1062 920 1114 dumetis
946 1082 1058 1116 sese
1085 1062 1300 1115 abdidit.
1377 1063 1482 1128 Qui
1519 1081 1640 1114 cum
1677 1062 1874 1129 lateret,
1912 1082 1944 1114 a
1967 1063 2130 1114 victo-

288 1135 432 1186 ribus
466 1134 664 1203 passim
701 1131 999 1202 palantibus
1042 1141 1280 1200 repertus
1318 1141 1473 1202 atque
1514 1140 1695 1201 captus
1743 1141 1835 1198 est,
1883 1134 2132 1203 suisquec

290 1206 379 1272 qui
417 1204 630 1255 secumd
667 1202 960 1254 latuerantd
998 1202 1174 1271 gladio
1212 1202 1493 1268 transfixis7
1544 1210 1664 1270 post
1711 1202 1880 1271 spolia
1927 1201 2133 1271 direpta

291 1274 466 1326 Odom'
502 1274 613 1342 regi
651 1272 853 1324 oblatus
891 1281 981 1324 est.

599 1374 677 1425 10.
752 1373 1005 1424 Tirannie
1042 1371 1337 1441 baptismus
1375 1379 1458 1422 ete
1496 1371 1787 1422 interfectio
1805 1380 1840 1423 θ.

427 1458 636 1510 Utiliter
674 1477 796 1527 ergo
833 1465 1041 1527 patrata
1085 1458 1319 1522 victoria,
1369 1473 1465 1506 rex
1502 1456 1766 1506 tirannum
1806 1463 2019 1525 captum
2057 1475 2135 1508 se—

291 1546 409 1578 cum
447 1528 757 1580 Lemovicas
796 1527 951 1579 ducit.
1025 1526 1213 1596 Ibique
1252 1527 1299 1577 ei
1334 1527 1473 1577 vitae
1524 1543 1585 1576 ac
1634 1527 1814 1577 mortis
1865 1528 2135 1596 optionem

291 1596 456 1663 dedit3
497 1599 539 1647 si
565 1597 933 1666 baptizaretur,
973 1597 1149 1662 vitam,
1191 1597 1271 1646 sin
1308 1596 1495 1661 11111103,
1540 1604 1763 1646 mortem
1802 1598 2132 1665 promittens.

288 1666 549 1718 Tirannus
600 1685 727 1718 mox
775 1666 976 1735 absque
1029 1665 1439 1717 contradictione
1490 1664 1749 1734 baptizari
1795 1667 1941 1735 petit.
2026 1666 2134 1720 Sed

289 1736 523 1802 dubium,
564 1756 632 1788 an
655 1736 779 1788 fidei
814 1738 1096 1805 quicquam
1131 1735 1387 1786 habuerit.
1464 1735 1603 1800 Quia
1641 1753 1765 1804 ergo
1802 1745 2133 1805 pentecostes

287 1806 517 1858 instabat
555 1806 946 1875 sollempnitasl
978 1823 1039 1856 ac
1066 1806 1436 1874 episcoporum
1463 1813 1749 1856 conventus
1786 1807 1900 1874 regi
1937 1806 2134 1873 aderat,

288 1875 355 1927 ab
395 1877 658 1944 episcopis
697 1878 744 1927 ei
780 1875 1081 1927 triduanum
1118 1874 1365 1926 indicitur
1401 1876 1670 1927 ieiunium.
1731 1874 1836 1926 Die
1861 1894 1986 1927 vero
2014 1894 2133 1928 con-

290 1947 469 1996 stituta
507 1963 624 1996 cum
661 1947 715 1996 in
753 1944 972 1996 basilica
997 1946 1160 1995 sancti
1185 1944 1452 1996 Marciah‘s
1478 1945 1740 1996 martirisf
1775 1954 1897 2014 post
1933 1948 2134 2016 episco-

288 2032 476 2083 porum
514 2024 726 2084 peracta
765 2014 937 2065 officia
987 2016 1041 2064 in
1079 2032 1284 2064 sacrum
1333 2015 1530 2066 fontem
1574 2014 1641 2066 ab
1679 2016 1795 2083 ipso
1833 2034 1957 2086 rege
1995 2018 2134 2067 exci-

286 2084 508 2152 piendus
565 2084 904 2136 descenderet
970 2085 1180 2152 iamque
1241 2085 1375 2134 trina
1439 2085 1754 2136 inmersione
1809 2086 1864 2135 in
1917 2087 2132 2137 nomine

286 2155 455 2205 Patris
495 2162 545 2205 et
580 2153 702 2205 Filii
741 2162 790 2206 et
829 2152 1055 2223 Spiritus
1095 2154 1259 2204 sancti
1296 2153 1592 2222 baptizatus
1632 2162 1781 2220 esset,
1831 2154 1964 2224 Ingo
2011 2163 2136 2208 ante

287 2225 516 2292 signifer,
554 2222 732 2292 gladio
771 2223 974 2289 educto,
1025 2222 1282 2274 loetaliter
1330 2242 1450 2274 eum
1498 2223 1888 2276 transverberat
1924 2243 1986 2277 ac
2022 2225 2134 2277 fon-

284 2302 390 2346 tem
429 2302 689 2345 sacratum
726 2293 955 2345 vulneris
993 2292 1243 2344 effusione
1280 2294 1579 2345 immaniter
1617 2302 1854 2346 cruentat
1869 2303 1905 2346 ἓ.
1981 2295 2134 2347 *Rex

285 2370 486 2415 tantum
512 2362 710 2414 facinus
736 2363 1033 2433 indignans7
1072 2362 1400 2431 principibus
1425 2363 1782 2430 frementibus,
1809 2364 2132 2416 homicidam

285 2434 402 2501 rapi
439 2451 500 2484 ac
535 2433 785 2484 trucidari
822 2433 980 2484 iubet.
1055 2434 1164 2499 Ille7
1201 2432 1377 2502 gladio
1415 2435 1665 2502 proiecto,
1702 2434 1924 2503 fugiens,
1964 2435 2131 2486 sancti

285 2502 549 2554 Marcialis
587 2521 733 2554 aram
771 2502 1078 2572 complexus
1117 2510 1221 2569 est3
1258 2503 1640 2572 induigentiam
1672 2503 1738 2555 ab
1765 2522 1890 2572 rege
1927 2521 1990 2555 ac
2025 2505 2131 2573 pri-

286 2571 514 2623 matibus
550 2571 820 2640 postulans
859 2582 1015 2642 atque
1065 2572 1313 2643 loquendi
1364 2573 1537 2624 locum
1586 2572 1762 2625 multis
1814 2573 2131 2626 clamoribus

286 2650 481 2710 petens,
555 2643 626 2694 Et
661 2643 808 2693 iussu
855 2644 1000 2710 regio
1054 2642 1117 2694 de
1169 2644 1448 2694 commisso
1499 2643 1728 2695 facinore
1782 2661 2134 2713 responsurus

287 2712 497 2763 sistitur.
575 2713 843 2781 Orsusque
882 2714 956 2763 sic
994 2713 1129 2764 aith:

289 2818 367 2869 11.
421 2817 601 2870 Oratio
632 2819 846 2888 Ingonis
884 2838 978 2890 pro
1018 2838 1071 2871 se
1108 2819 1251 2941 {pgd
1288 2837 1467 2889 regem
1505 2828 1556 2872 et
1593 2821 1859 2889 principes
1895 2822 2131 2873 suasorie

1145 2908 1176 2941 a
1216 2901 1302 2941 lta.

425 2971 615 3023 ‘Deum
651 2973 932 3026 voluntatis
958 2993 1105 3026 meae
1133 2976 1400 3026 conscium
1424 2982 1598 3040 testor,
1634 2973 1761 3025 nihil
1799 2974 1929 3026 mihi
1965 2974 2129 3028 fuisse

287 3041 456 3092 carius
493 3051 666 3094 vestra
704 3043 880 3096 salute.
955 3044 1143 3096 Vester
1180 3063 1327 3097 amor
1364 3043 1432 3096 ad
1469 3044 1568 3095 hoc
1606 3062 1690 3096 me
1739 3044 1964 3113 impulit.
2039 3044 2127 3098 Ob

403 3159 441 3215 *)
474 3175 548 3202 rex
571 3163 851 3204 barbarorum
879 3165 917 3204 1.

380 3266 415 3308 a)
445 3277 460 3299 e
486 3278 578 3301 corr.
655 3269 691 3310 b)
719 3270 760 3302 E.
789 3280 824 3308 q.
853 3280 868 3300 e
894 3279 985 3303 corr.
1074 3270 1107 3312 c)
1136 3272 1289 3311 suisque
1316 3271 1452 3311 gladiis
1478 3269 1669 3301 transfixis
1697 3274 1732 3302 et
1762 3269 1807 3311 (2³)
1843 3272 1977 3311 spoliis
2004 3272 2126 3312 direp-

282 3316 327 3347 tis
358 3319 389 3348 1.
492 3316 529 3358 d)
558 3327 606 3358 m,
634 3319 682 3357 la,
711 3322 723 3349 t
751 3318 841 3351 absc.
945 3319 978 3359 e)
1009 3320 1033 3360 i,
1061 3324 1107 3357 et,
1138 3331 1157 3353 o
1186 3321 1276 3352 absc.
1378 3318 1406 3361 f)
1437 3321 1473 3350 in
1500 3320 1572 3350 loco
1601 3328 1712 3350 vacuo
1740 3321 1857 3351 relicto
1887 3321 1918 3356 2,
2019 3322 2057 3361 g)
2086 3323 2127 3352 at

283 3374 297 3395 e
324 3374 415 3398 corr.
518 3365 557 3407 h)
586 3368 708 3406 coepit
738 3369 769 3398 1.

404 3461 444 3511 1)
474 3461 657 3502 Nonnisi
691 3466 895 3503 autumno
930 3475 968 3504 a.
998 3461 1099 3505 892,
1136 3463 1334 3506 Odonem
1358 3464 1403 3504 in
1425 3464 1705 3517 Aquitaniam
1740 3464 1999 3517 perrexisse,
2033 3468 2125 3504 tra-

283 3520 388 3561 dunt
419 3521 531 3562 Ann.
564 3522 743 3563 Vedast.
778 3522 805 3562 1.
841 3522 868 3561 1.
