2240 3879
529 235 776 276 RICHERI
807 234 1221 276 HISTORIARUM
1253 234 1437 274 LIBER
1464 235 1526 274 ΙΙ.
1893 238 1947 277 53

106 373 415 440 periculum,
472 383 522 427 et
571 383 764 443 quanta
807 374 871 425 iis
919 372 1173 423 debeatur
1216 371 1367 420 ruina
1383 379 1418 433 ³,
1477 373 1565 439 qui
1616 372 1946 426 dominorum
1968 389 2047 422 942.

106 450 493 510 contemptores
549 462 610 494 ac
668 450 1024 512 persecutores
1080 457 1192 491 esse
1247 456 1354 489 non
1408 439 1704 492 formidant.
1797 443 1945 507 Quae

105 512 277 562 suasio
336 510 537 563 nullum
599 513 839 564 effectum
888 509 1114 560 habuitb.
1210 508 1260 558 A
1309 507 1549 576 predicto
1601 512 1757 561 etiam
1807 531 1945 581 papa

104 598 230 632 mox
256 580 359 632 alia
383 579 574 649 legatio
603 582 801 633 directa
827 587 904 630 est
928 589 1052 647 perl
1093 578 1366 628 Remensis
1404 577 1689 630 aecclesiae
1726 579 1945 647 legatos,

104 650 195 718 qui
231 668 263 700 a
299 668 441 719 papa
479 650 664 703 eodem
701 646 1022 701 sacerdotale
1055 646 1273 715 pallium
1300 647 1517 714 Hugoni
1543 649 1944 717 metropolitano

104 718 348 784 detulere,
388 720 636 785 dicentes,
674 716 993 787 apostolicae
1030 716 1274 766 iussionis
1312 715 1448 767 hanc
1476 735 1588 768 esse
1618 719 1944 785 sententiam,

102 796 160 839 ut
199 787 489 840 Galliarum
527 789 794 858 principes
831 803 1012 852 regem
1051 804 1203 835 suum
1242 787 1488 854 persequi
1526 798 1746 855 parcant
1783 796 1835 838 et
1870 789 1945 838 in-

103 875 262 926 super
286 856 432 908 illum
449 868 467 891 ⁰
492 857 768 926 magnifice
796 854 1058 920 attollant3
1119 855 1259 923 quod
1296 855 1397 905 nisi
1434 856 1570 906 intra
1594 858 1946 925 prescriptum

102 926 242 978 diem
281 927 523 992 efficiant,
561 923 799 977 horribili
836 923 1164 974 anathemate
1213 923 1365 975 huius
1414 924 1653 976 factionis
1702 936 1944 978 auctores

100 1014 161 1046 ac
200 1003 564 1065 cooperatores
602 995 710 1046 sive
747 993 976 1044 fautores
1012 993 1322 1061 gravissime
1362 1012 1473 1045 esse
1520 993 1843 1061 multandos3
1902 998 1945 1047 si

100 1083 223 1116 vero
262 1064 578 1133 apostolicae
615 1063 835 1114 iussioni
861 1070 1129 1130 gratanter
1157 1062 1454 1128 oboediant,
1491 1063 1692 1130 legatos
1719 1065 1943 1115 Romam

100 1133 342 1203 dirigant,
384 1135 473 1201 qui
511 1150 658 1183 suam
708 1131 1116 1185 benivolentiam
1166 1150 1290 1199 erga
1339 1151 1520 1200 regem
1572 1151 1723 1183 suum
1772 1152 1943 1202 papae

96 1202 337 1254 referant.
410 1203 479 1252 Et
515 1221 610 1253 nec
652 1203 725 1252 sic
764 1201 978 1270 quidem
1014 1202 1266 1252 tirannisc
1312 1202 1596 1270 quicquam
1634 1221 1943 1270 persuasum

101 1280 194 1323 est.
265 1271 315 1322 A
361 1272 550 1339 quibus
599 1289 716 1321 cum
765 1271 877 1338 regi
925 1271 1243 1321 incessanter
1290 1280 1626 1339 quaereretur
1674 1273 1839 1339 ruina,
1889 1274 1944 1323 in

101 1341 418 1392 contrarium
456 1359 537 1392 res
572 1351 784 1392 eorumc
822 1348 931 1391 tota
967 1339 1173 1408 relapsa
1212 1346 1304 1390 est.

167 1440 250 1491 28.
299 1440 417 1490 Rex
453 1458 550 1508 per
585 1440 878 1509 Rotgerum
916 1440 1162 1558 comiltem
1200 1437 1506 1491 &Vilelmum
1546 1439 1733 1492 ducem
1774 1439 1873 1492 sibi

896 1510 1042 1560 conci
1065 1510 1152 1559 iat.

235 1593 448 1644 Etenim
497 1613 608 1660 rex,
659 1592 919 1644 bonorum
968 1611 1093 1643 usus
1142 1591 1375 1657 consilio,
1420 1592 1730 1661 Rotgarium
1769 1595 1942 1644 virum

98 1659 294 1713 cla-rum
321 1662 567 1714 XVilelmo
605 1671 911 1731 pyratarum
948 1662 1175 1731 principi
1208 1679 1303 1730 pro
1331 1680 1385 1712 se
1411 1660 1705 1713 locuturum
1734 1663 1941 1715 direxit.

98 1730 205 1795 Qui
242 1732 384 1800 apud
423 1751 540 1782 eum
579 1751 673 1801 pro
712 1751 837 1800 rege
876 1732 1072 1800 optime
1110 1732 1319 1782 functus
1355 1730 1632 1799 legatione,
1672 1733 1745 1784 ibi
1784 1734 1939 1785 rebus

95 1799 337 1852 humanis
375 1803 617 1853 excessit.
689 1802 828 1853 Ante
875 1810 1051 1852 tamen
1097 1801 1323 1870 principi
1368 1818 1533 1868 usque
1582 1801 1650 1852 ad
1697 1802 1939 1853 effectum

98 1871 276 1921 suasit.
348 1870 486 1921 Nam
523 1889 629 1922 non
666 1870 828 1922 multo
868 1878 987 1939 post
1025 1888 1237 1920 suorum
1286 1869 1547 1937 legatione
1596 1889 1774 1938 regem
1813 1871 1937 1922 fide-

94 1937 212 1990 liter
279 1941 519 2005 accersit,
593 1949 980 2008 exceptumque
1051 1939 1312 1990 Rodomic
1391 1939 1691 2007 ingentibus
1754 1940 1937 1991 donisd

96 2007 403 2075 dignissime
452 2008 797 2060 accumulate.
883 2009 1038 2060 Unde
1089 2016 1139 2059 et
1186 2008 1383 2058 factum
1431 2016 1521 2073 est,
1578 2016 1635 2059 ut
1685 2008 1770 2060 alii
1816 2009 1938 2060 hinc

93 2077 434 2130 formidantes
471 2078 539 2129 ad
574 2097 752 2147 regem
796 2077 1191 2146 tempestiviusf
1229 2096 1340 2128 sese
1379 2077 1706 2129 contulerint.
1760 2078 1937 2130 Wilel-

93 2165 208 2198 mus
255 2148 433 2216 itaque
482 2148 906 2217 Aquitanorumg
962 2146 1104 2198 dux2
1160 2147 1660 2216 Brittannorumque
1716 2147 1934 2214 Alanus,

92 2217 289 2285 piratas
335 2218 535 2286 regiam
584 2236 695 2268 rem
743 2235 923 2268 curare
975 2217 1380 2285 comperientes,
1442 2234 1714 2267 accessum
1769 2226 1935 2269 matu-

91 2293 232 2345 rant,
288 2304 466 2354 regem
512 2286 707 2338 adeunt
751 2295 908 2354 atque
956 2286 1058 2337 fide
1107 2286 1249 2354 pacti
1295 2284 1545 2336 miliciam
1583 2287 1773 2338 iurant.
1835 2287 1934 2338 His

90 2354 269 2423 itaque
319 2374 413 2406 rex
460 2354 720 2421 collectis,
772 2355 1024 2424 predictis
1072 2355 1325 2405 tirannish
1375 2372 1525 2405 secus
1572 2353 1791 2405 fluvium
1828 2356 1934 2407 Isa-
1985 2354 1992 2359 ’

90 2439 203 2473 ram
247 2421 514 2474 locuturus
566 2424 818 2493 procedit.
893 2424 1112 2474 Tiranni
1149 2425 1352 2492 regium
1397 2424 1686 2492 equitatum
1726 2442 1935 2492 suspec-

90 2499 203 2542 tum
262 2492 529 2557 habentes,
591 2500 945 2561 prevenerunt
1003 2500 1160 2561 atque
1222 2501 1407 2560 pontes
1468 2492 1933 2561 precipitaverunt,

89 2578 254 2612 naves
293 2562 704 2630 circumquaque
741 2563 797 2612 in
832 2560 975 2612 aliud
1010 2561 1132 2612 litus
1170 2560 1505 2612 abducentes.
1581 2560 1772 2630 Sicque
1812 2580 1932 2613 cum

91 2630 197 2680 suis
234 2630 289 2679 in
323 2629 544 2681 adverso
581 2629 811 2680 fluminis
847 2629 996 2680 litore
1023 2629 1382 2681 consederunt.
1443 2629 1704 2681 Duabus³
1731 2640 1932 2683 tantum

89 2697 347 2750 naviculis
396 2698 517 2749 hinc
566 2699 688 2750 inde
739 2699 1126 2764 cursitantibus,
1182 2716 1277 2766 per
1324 2698 1670 2750 internuntios
1728 2710 1931 2752 contro-

89 2768 261 2820 versia
297 2768 432 2819 inter
468 2767 582 2819 illos
628 2770 826 2837 agitata
871 2776 962 2818 est.
1045 2767 1284 2818 Tandem
1331 2766 1426 2818 sub
1476 2785 1608 2836 pace
1662 2779 1932 2838 sequestra

91 2836 333 2889 obsidum
370 2838 484 2888 iure
521 2855 552 2887 a
588 2857 700 2889 sese
733 2836 1027 2888 discedunt.

141 2937 223 2988 29.
279 2936 584 2988 Ludovicus
622 2946 672 2989 et
709 2937 834 2989 Otto
872 2954 1022 3004 reges
1059 2936 1113 2986 in
1148 2936 1443 2987 amiciciam
1481 2939 1799 2989 conveniunt
1834 2956 1896 2990 ac

709 3025 804 3075 per
842 3005 1090 3058 Ottonem
1127 3005 1304 3073 Hugo.

225 3089 359 3156 Rex,
396 3090 722 3160 principibus
760 3091 814 3140 in
850 3106 981 3158 pace
1018 3088 1262 3155 dimissis,
1318 3106 1437 3140 cum
1486 3091 1670 3159 paucis
1726 3093 1825 3143 iter
1877 3092 1930 3141 in

88 3157 359 3226 Belgicam
408 3167 691 3229 retorquet,
750 3159 949 3224 Ottoni,
1010 3159 1158 3209 cuius
1213 3175 1446 3210 sororem
1502 3159 1782 3229 coniugem
1831 3160 1929 3212 sibi

186 3277 224 3319 a)
248 3288 282 3317 q.
312 3279 399 3312 labe
426 3279 644 3310 afficiantur
670 3278 757 3310 labe
788 3280 820 3310 1.
921 3275 959 3317 b)
990 3286 1017 3309 S.
1048 3285 1132 3308 eum
1159 3287 1197 3310 n.
1225 3287 1257 3310 e.
1285 3278 1443 3310 haberet
1470 3288 1502 3313 a.
1525 3288 1563 3319 Ρ.
1591 3288 1627 3318 p.
1656 3280 1687 3311 1.
1790 3276 1823 3317 c)
1846 3282 1930 3317 posc

89 3325 171 3356 add.
273 3326 310 3367 d)
336 3337 368 3359 e.
398 3328 670 3359 humanissime
701 3329 734 3359 1.
842 3324 877 3366 e)
909 3327 1075 3357 cumulat
1104 3328 1134 3358 1.
1243 3324 1273 3366 s)
1302 3327 1466 3359 celerius
1496 3328 1528 3358 1.
1631 3325 1669 3367 g)
1697 3328 1756 3366 pir
1780 3327 1929 3358 scribere

89 3378 255 3413 coeptum.
355 3374 394 3416 h)
423 3376 609 3418 H(ug0ni)
641 3379 677 3408 et
702 3373 935 3417 H(eriberto)
960 3378 1042 3413 post
1067 3375 1149 3405 add.
1257 3373 1286 3416 i)
1315 3376 1400 3408 adv,
1431 3378 1465 3409 1.

212 3451 256 3505 1)
293 3451 398 3494 Cum
430 3454 584 3507 quibus
609 3453 785 3507 pariter
818 3459 856 3494 et
888 3453 1042 3508 legatio
1076 3453 1190 3494 venit
1221 3453 1351 3494 Flod.
1487 3452 1534 3507 2)
1577 3453 1807 3495 Willecmus
1831 3451 1928 3492 Pic-

87 3513 276 3554 tave‘nsis
308 3514 462 3566 Flod.;
496 3529 625 3569 quem
658 3516 868 3569 sequitur.
993 3513 1039 3567 3)
1072 3514 1199 3555 Haec
1230 3514 1462 3556 Rieherus.
